<mjloggm ver="2.3"><GO type="225"/><UN n0="%E3%81%84%E3%81%A1%E3%81%94%E3%83%9D%E3%83%83%E3%82%AD%E3%83%BC" n1="%E7%9C%9F%E9%BE%8D%E2%80%A6" n2="%E5%94%90%E6%8F%9A%E5%A4%A7%E5%A5%BD%E3%81%8D" n3="%E7%89%99%E6%B1%AA" dan="17,17,16,17" rate="2161,2116,2053,2111" sx="F,F,M,M"/><TAIKYOKU oya="0"/><INIT seed="0,0,0,2,0,83" ten="250,250,250,250" oya="0" hai0="103,133,116,5,18,57,82,37,10,124,81,40,134" hai1="87,0,11,47,23,119,96,48,86,33,54,112,7" hai2="14,46,97,99,41,69,108,72,109,121,89,19,36" hai3="38,78,120,51,25,56,104,95,126,75,31,65,45"/><T24/><D116/><U77/><E119/><V76/><F69/><W93/><G104/><T132/><D124/><U9/><E33/><V64/><F121/><W128/><G126/><T110/><D110/><N who="2" m="42602" /><F64/><W59/><G38/><T35/><D103/><U15/><E112/><V4/><F4/><W16/><G128/><T34/><D57/><U113/><E113/><V63/><F63/><W66/><G75/><T67/><D67/><U130/><E130/><V115/><F115/><W73/><G73/><T29/><D35/><U50/><E77/><V98/><F76/><W118/><G118/><T114/><D18/><U131/><E23/><N who="2" m="11767" /><F72/><W58/><G78/><T80/><D114/><U123/><E123/><V129/><F129/><W6/><G6/><T12/><D37/><U90/><E131/><V32/><F32/><W127/><G127/><T1/><REACH who="0" step="1"/><D40/><REACH who="0" step="2"/><U17/><REACH who="1" step="1"/><E50/><REACH who="1" step="2"/><V111/><F111/><W107/><G120/><T55/><D55/><U3/><E3/><AGARI ba="0,2" hai="1,3,5,10,12,24,29,34,80,81,82,132,133,134" machi="3" ten="50,9600,0" yaku="1,1,20,1,53,1" doraHai="83" doraHaiUra="8" who="0" fromWho="1" sc="240,116,240,-96,250,0,250,0" /><INIT seed="0,1,0,1,0,36" ten="356,144,250,250" oya="0" hai0="94,22,76,21,102,54,131,8,107,134,113,38,69" hai1="68,30,90,9,82,50,126,42,133,130,105,32,29" hai2="74,12,55,128,70,7,95,44,33,16,41,118,58" hai3="15,13,91,78,110,39,125,135,0,17,45,129,73"/><T59/><D69/><U65/><E105/><V61/><F74/><W114/><G110/><T53/><D113/><U104/><E104/><V37/><F33/><W31/><G114/><T10/><D107/><U120/><E120/><V85/><F128/><W2/><G129/><T124/><D131/><U46/><E130/><V116/><F7/><W93/><G31/><T63/><D124/><U71/><E126/><V62/><F62/><W111/><G111/><T77/><D38/><U119/><E119/><N who="2" m="45611" /><F70/><W117/><G117/><T92/><D134/><U96/><E133/><V18/><F12/><W112/><G112/><T6/><D6/><U101/><E71/><V84/><F95/><W47/><G125/><T49/><D102/><U127/><E127/><V57/><F57/><W11/><G135/><T87/><D59/><U121/><E65/><V60/><F60/><W51/><G39/><T115/><D63/><U64/><E64/><V98/><F98/><W86/><G15/><T48/><D115/><U81/><E32/><V40/><F40/><W83/><REACH who="3" step="1"/><G45/><REACH who="3" step="2"/><T89/><D87/><AGARI ba="1,1" hai="16,18,37,41,44,55,58,61,84,85,87" m="45611" machi="87" ten="30,3900,0" yaku="12,1,52,1,54,1" doraHai="36" who="2" fromWho="0" sc="356,-42,144,0,250,52,240,0" /><INIT seed="1,0,0,4,0,79" ten="314,144,302,240" oya="1" hai0="32,26,126,124,5,108,38,73,48,81,114,111,16" hai1="22,14,59,86,110,112,19,1,134,103,122,107,17" hai2="76,94,128,11,99,56,4,42,27,119,18,25,63" hai3="53,80,123,49,115,130,135,69,60,50,37,93,2"/><U74/><E112/><V121/><F119/><W62/><G2/><T31/><D38/><U106/><E122/><V89/><F121/><W96/><G123/><T57/><D114/><U71/><E71/><V24/><F128/><W36/><G115/><T129/><D5/><U125/><E1/><V72/><F42/><W12/><G130/><T84/><D73/><U132/><E74/><V40/><F40/><W3/><G3/><T83/><D129/><U43/><E43/><V21/><F72/><W10/><G135/><T47/><D57/><U0/><E0/><V127/><F76/><W104/><G104/><T97/><D97/><U133/><E125/><N who="0" m="48233" /><D16/><N who="1" m="10519" /><E110/><N who="0" m="42025" /><D84/><U66/><E86/><V20/><F127/><W100/><G36/><T131/><D131/><U28/><E28/><V117/><F117/><W67/><G37/><T75/><D75/><U65/><E106/><V95/><F95/><W91/><G53/><AGARI ba="0,0" hai="26,31,32,47,48,53,81,83" m="42025,48233" machi="53" ten="30,7700,0" yaku="18,1,14,1,52,2" doraHai="79" who="0" fromWho="3" sc="314,77,144,0,302,0,240,-77" /><INIT seed="2,0,0,4,1,38" ten="391,144,302,163" oya="2" hai0="70,122,108,23,50,112,30,133,116,20,25,97,90" hai1="69,9,48,14,0,61,43,103,42,24,81,86,51" hai2="40,34,134,52,126,28,79,5,120,10,114,45,27" hai3="124,125,29,109,16,89,135,59,35,36,110,74,93"/><V71/><F120/><W121/><G74/><T130/><D122/><U131/><E0/><V60/><F114/><W129/><G121/><T118/><D112/><U55/><E69/><V3/><F126/><N who="3" m="48747" /><G36/><T104/><D108/><N who="3" m="41577" /><G59/><T33/><D70/><U8/><E131/><V113/><F113/><W58/><G58/><T101/><D130/><U41/><E103/><V117/><F117/><N who="0" m="45162" /><D133/><U123/><E123/><V119/><F119/><W47/><G135/><T7/><D7/><N who="1" m="3359" /><E24/><V21/><F134/><W111/><N who="3" m="41585" /><W115/><DORA hai="13" /><G129/><T68/><D68/><U132/><E132/><V67/><F79/><W39/><G115/><T75/><D75/><U22/><E22/><N who="0" m="8233" /><D50/><N who="1" m="18987" /><E9/><V17/><F52/><W44/><G39/><T95/><D90/><N who="1" m="51535" /><E61/><V105/><F105/><AGARI ba="0,0" hai="25,30,33,95,97,101,104,105" m="8233,45162" machi="105" ten="30,1000,0" yaku="12,1" doraHai="38,13" who="0" fromWho="2" sc="391,10,144,0,302,-10,163,0" /><INIT seed="3,0,0,3,3,24" ten="401,144,292,163" oya="3" hai0="25,2,88,89,56,120,36,12,92,20,102,103,23" hai1="11,115,93,14,118,58,9,71,114,6,74,44,119" hai2="126,37,83,63,113,32,17,131,82,98,21,52,0" hai3="125,7,124,86,54,28,117,59,128,41,18,47,34"/><W16/><G117/><N who="1" m="44554" /><E71/><V135/><F0/><W35/><G7/><T133/><D12/><N who="1" m="5175" /><E74/><V108/><F37/><W57/><G128/><T85/><D23/><U33/><E44/><V129/><F32/><W53/><G86/><T48/><D89/><U3/><E3/><V65/><F113/><N who="1" m="43017" /><E93/><V75/><F129/><W104/><G104/><T49/><D85/><U122/><E58/><V68/><F131/><W8/><G8/><T132/><D49/><U29/><E122/><V106/><F68/><W66/><G66/><T61/><D102/><U112/><N who="1" m="43025" /><U60/><DORA hai="13" /><E60/><V123/><F63/><W80/><G80/><T46/><D2/><U39/><E39/><V81/><F82/><W70/><G70/><T67/><D36/><U105/><E105/><V10/><F81/><W90/><G90/><T19/><D103/><U1/><E1/><V95/><F83/><W22/><G47/><T5/><D120/><U87/><E87/><V76/><F123/><W94/><G94/><T116/><D116/><U79/><E79/><V50/><F76/><W84/><G84/><T42/><D92/><U107/><E107/><V38/><F95/><W91/><G91/><T51/><D88/><U100/><E100/><V30/><F38/><W43/><G22/><T121/><D121/><U69/><E69/><V26/><F106/><W40/><G41/><T99/><D99/><U109/><E109/><V64/><F108/><W127/><G127/><T15/><D42/><U4/><E33/><V111/><F126/><W130/><G130/><T101/><D46/><U97/><E97/><RYUUKYOKU ba="0,0" sc="401,-15,144,15,292,-15,163,15" hai1="4,11,14,29" hai3="16,18,28,34,35,40,43,53,54,57,59,124,125" /><INIT seed="3,1,0,3,5,46" ten="386,159,277,178" oya="3" hai0="92,120,55,64,10,66,97,50,80,89,134,69,74" hai1="7,33,81,39,30,130,72,41,108,61,78,19,106" hai2="118,77,35,8,16,28,45,96,0,37,124,109,79" hai3="25,119,15,99,76,60,57,116,49,128,9,83,23"/><W107/><G128/><T68/><D120/><U86/><E130/><V110/><F118/><W56/><G107/><T12/><D134/><U58/><E106/><V4/><F124/><W43/><G99/><T125/><D125/><U100/><E100/><V34/><F96/><W105/><G105/><T133/><D133/><U98/><E98/><V104/><F104/><W62/><G116/><T65/><D74/><U27/><E108/><N who="2" m="41579" /><F16/><N who="3" m="12519" /><G119/><T121/><D80/><U91/><E7/><V2/><F2/><W47/><G62/><T5/><REACH who="0" step="1"/><D121/><REACH who="0" step="2"/><U94/><E19/><V51/><F37/><W129/><G129/><T93/><D93/><U135/><E135/><V22/><F79/><W88/><G76/><T11/><D11/><U32/><E39/><V24/><F77/><W53/><G83/><T1/><D1/><U85/><E72/><V102/><F102/><W17/><G88/><T63/><D63/><U131/><E131/><V42/><AGARI ba="1,1" hai="0,4,8,22,24,28,34,35,42,45,51" m="41579" machi="42" ten="30,2000,0" yaku="14,1,52,1" doraHai="46" who="2" fromWho="2" sc="376,-6,159,-6,277,33,178,-11" owari="370,47,153,-35,310,11,167,-23" /></mjloggm>