<mjloggm ver="2.3"><GO type="225"/><UN n0="%E7%AE%A1%E5%AF%9D" n1="%E3%83%9E%E3%83%84%E3%82%B6%E3%82%AD" n2="%6D%61%63%6A%72" n3="%E3%82%AA%E3%82%AB%E3%83%AB%EF%BD%94" dan="16,16,16,16" rate="2115,2052,2056,2090" sx="M,M,F,M"/><TAIKYOKU oya="0"/><INIT seed="0,0,0,3,3,53" ten="250,250,250,250" oya="0" hai0="61,129,42,35,83,94,98,132,39,25,77,31,0" hai1="67,108,12,45,75,13,26,118,5,104,3,2,84" hai2="38,106,29,103,48,7,20,15,82,110,14,18,115" hai3="68,4,96,40,58,88,30,92,11,90,81,6,49"/><T72/><D132/><U24/><E75/><V101/><F38/><W8/><G68/><T63/><D129/><U102/><E67/><V89/><F115/><W65/><G30/><T41/><D0/><N who="1" m="43" /><E45/><V128/><F128/><W109/><G109/><T105/><D105/><U100/><E84/><N who="2" m="50327" /><F106/><W16/><G40/><T85/><D72/><U28/><E104/><V69/><F69/><W64/><G64/><T54/><D39/><U74/><E74/><V37/><F37/><W19/><G11/><T70/><D63/><U95/><E95/><V23/><F110/><W73/><G73/><T87/><D85/><U71/><E71/><V127/><F127/><W120/><G120/><T21/><D35/><U9/><E102/><V124/><F124/><W97/><G81/><T79/><D79/><U34/><E100/><V17/><F7/><N who="3" m="2603" /><G8/><T122/><D122/><U117/><E108/><V52/><F29/><W121/><G121/><T51/><D61/><U113/><E113/><V22/><F22/><W32/><G32/><T43/><D70/><U44/><E44/><AGARI ba="0,0" hai="14,15,17,18,20,23,44,48,52,101,103" m="50327" machi="44" ten="30,2000,0" yaku="8,1,54,1" doraHai="53" who="2" fromWho="1" sc="250,0,250,-20,250,20,250,0" /><INIT seed="1,0,0,0,1,55" ten="250,230,270,250" oya="1" hai0="52,95,7,88,106,65,31,40,66,129,64,85,25" hai1="61,101,132,115,123,41,22,93,49,71,24,111,14" hai2="104,34,124,107,0,44,112,84,77,125,18,76,98" hai3="8,15,38,120,46,6,81,45,82,135,11,116,23"/><U119/><E123/><V48/><F34/><W80/><G120/><T20/><D106/><N who="2" m="40490" /><F0/><W47/><G38/><T117/><D117/><U63/><E119/><V118/><F118/><W131/><G116/><T75/><D75/><U59/><E115/><V13/><F98/><W79/><G131/><T100/><D129/><U109/><E132/><V2/><F2/><W69/><G69/><T35/><D40/><U105/><E105/><V12/><F112/><W134/><G79/><N who="2" m="30281" /><F18/><N who="3" m="10719" /><G6/><T127/><D127/><N who="2" m="48714" /><F84/><W121/><G121/><T103/><D7/><U43/><E71/><V42/><AGARI ba="0,0" hai="12,13,42,44,48" m="48714,30281,40490" machi="42" ten="40,1500,0" yaku="18,1" doraHai="55" who="2" fromWho="2" sc="250,-4,230,-7,270,15,250,-4" /><INIT seed="2,0,0,4,0,90" ten="246,223,285,246" oya="2" hai0="121,100,85,105,135,8,21,46,127,69,67,28,33" hai1="96,97,51,25,81,109,130,3,82,16,9,60,76" hai2="47,2,57,56,107,80,129,75,61,122,83,123,89" hai3="50,23,72,99,19,53,5,17,37,27,30,65,87"/><V12/><F2/><W59/><G72/><T40/><D121/><U132/><E130/><V43/><F129/><W77/><G37/><N who="0" m="21775" /><D21/><U117/><E117/><V39/><F107/><W10/><G65/><T70/><D85/><U93/><E109/><V29/><F29/><W133/><G133/><T134/><D8/><U31/><E132/><N who="0" m="50729" /><D67/><U49/><E60/><V86/><F12/><N who="3" m="5199" /><G99/><N who="0" m="61599" /><D127/><U42/><E97/><V20/><F20/><W35/><G35/><T6/><D6/><U7/><E51/><V44/><F44/><W45/><G45/><T98/><D98/><U71/><E71/><V54/><REACH who="2" step="1"/><F57/><REACH who="2" step="2"/><W118/><G118/><T1/><D1/><U108/><E108/><V119/><F119/><W92/><G77/><AGARI ba="0,1" hai="39,43,47,54,56,61,75,77,80,83,86,89,122,123" machi="77" ten="40,3900,0" yaku="1,1,53,1" doraHai="90" doraHaiUra="104" who="2" fromWho="3" sc="246,0,223,0,275,49,246,-39" /><INIT seed="2,1,0,0,3,48" ten="246,223,324,207" oya="2" hai0="25,118,80,120,46,24,1,59,112,102,122,108,105" hai1="21,8,5,73,127,13,89,116,58,22,97,87,129" hai2="135,65,101,7,41,79,44,4,103,34,38,51,82" hai3="20,28,95,88,64,98,74,67,111,54,117,9,131"/><V91/><F34/><W57/><G117/><T66/><D112/><U42/><E73/><V83/><F135/><W128/><G74/><T40/><D1/><U27/><E116/><V110/><F65/><W86/><G111/><T15/><D118/><U61/><E127/><V93/><F110/><W29/><G9/><T49/><D108/><U81/><E129/><N who="3" m="49738" /><G86/><T134/><D15/><U114/><E114/><V68/><F68/><W77/><G77/><T23/><D25/><U84/><E97/><V47/><F7/><W71/><G71/><T119/><D119/><U31/><E42/><V100/><F4/><W36/><G36/><T35/><D35/><U17/><E87/><V75/><F82/><W133/><G133/><T76/><D134/><U26/><REACH who="1" step="1"/><E58/><REACH who="1" step="2"/><V50/><REACH who="2" step="1"/><F47/><REACH who="2" step="2"/><W3/><G3/><T125/><D46/><U43/><E43/><V63/><F63/><AGARI ba="1,2" hai="5,8,13,17,21,22,26,27,31,61,63,81,84,89" machi="63" ten="40,2600,0" yaku="1,1,8,1,53,0" doraHai="48" doraHaiUra="55" who="1" fromWho="2" sc="246,0,213,49,314,-29,207,0" /><INIT seed="3,0,0,4,5,93" ten="246,262,285,207" oya="3" hai0="3,86,38,42,85,0,116,92,51,26,17,118,110" hai1="31,7,115,129,128,117,91,53,39,127,60,40,125" hai2="64,10,28,65,30,4,78,133,112,81,98,48,69" hai3="132,47,50,44,83,2,14,73,71,27,68,61,54"/><W32/><G2/><T87/><D38/><U62/><E117/><V29/><F112/><W109/><G132/><T18/><D42/><U24/><E115/><V113/><F113/><W21/><G109/><T95/><D51/><U6/><E40/><V88/><F133/><W119/><G119/><N who="0" m="45611" /><D26/><U72/><E72/><V63/><F65/><W8/><G32/><T36/><D36/><U105/><E39/><V20/><F48/><W56/><G47/><T70/><D70/><U66/><E91/><V15/><F20/><W35/><G35/><T108/><D92/><U75/><E75/><V22/><F22/><W114/><G73/><T126/><D95/><U97/><E53/><V100/><F88/><W89/><G114/><T80/><D80/><U55/><E55/><V45/><F45/><W67/><G89/><T49/><D49/><U130/><E62/><V124/><F124/><W102/><G83/><T122/><D126/><N who="1" m="48139" /><E97/><V107/><F30/><W25/><G102/><T103/><D103/><U74/><E105/><V104/><F107/><W52/><G27/><T5/><D122/><U120/><E74/><AGARI ba="0,0" hai="4,10,15,28,29,63,64,69,74,78,81,98,100,104" machi="74" ten="30,2000,0" yaku="7,1,52,1" doraHai="93" who="2" fromWho="1" sc="246,0,262,-20,285,20,207,0" owari="246,5,242,-16,305,40,207,-29" /></mjloggm>