<mjloggm ver="2.3"><GO type="225"/><UN n0="%E9%9D%92%E5%B1%B1%E5%AD%A6%E9%99%A2%EF%BC%94%E5%B9%B4" n1="%61%6C%75%63%61%72%64" n2="%E2%98%86%E4%BA%8C%E9%9A%8E%E5%A0%82%E2%98%86%E5%AB%81%E2%98%86" n3="%E9%85%8D%E5%9B%9E%E9%99%8D%E6%B5%81" dan="17,16,16,16" rate="2063,2094,2033,2100" sx="F,M,F,M"/><TAIKYOKU oya="0"/><INIT seed="0,0,0,4,4,110" ten="250,250,250,250" oya="0" hai0="36,101,58,54,107,12,112,99,92,28,30,80,15" hai1="19,42,128,52,131,55,76,60,62,9,43,86,111" hai2="18,74,53,100,130,7,91,44,105,63,46,109,134" hai3="129,90,41,84,70,32,45,115,72,98,13,20,97"/><T27/><D36/><U24/><E111/><V135/><F109/><W31/><G72/><T51/><D112/><U61/><E76/><V64/><F74/><W21/><G70/><T69/><D69/><U104/><E104/><V95/><F7/><W26/><G129/><N who="1" m="49738" /><E86/><V126/><F130/><W56/><G56/><T40/><D40/><N who="1" m="15403" /><E9/><V120/><F105/><W133/><G133/><T38/><D38/><U29/><E19/><V8/><F100/><W73/><G73/><T71/><D71/><U10/><E10/><V88/><F120/><W122/><G122/><T3/><D3/><U59/><E59/><V17/><F126/><W125/><G125/><T33/><D107/><U83/><E83/><V94/><F8/><W106/><G115/><T1/><D1/><U48/><E48/><V75/><F75/><W82/><G106/><T47/><D58/><U102/><E102/><V108/><F108/><W57/><G57/><T65/><D80/><U37/><E37/><V93/><F135/><W78/><G78/><T87/><D87/><U116/><E116/><V22/><F134/><W118/><G118/><T39/><D39/><U81/><E81/><V85/><F18/><N who="3" m="10319" /><G32/><AGARI ba="0,0" hai="24,29,32,52,55,60,61,62" m="15403,49738" machi="32" ten="30,2000,0" yaku="19,1,54,1" doraHai="110" who="1" fromWho="3" sc="250,0,250,20,250,0,250,-20" /><INIT seed="1,0,0,1,1,28" ten="250,270,250,230" oya="1" hai0="88,93,96,29,3,84,47,36,60,66,52,91,49" hai1="34,12,99,32,38,72,58,135,76,25,112,89,123" hai2="75,67,13,33,95,31,122,97,82,2,7,37,129" hai3="120,71,126,35,43,77,56,39,114,45,23,105,98"/><U69/><E69/><V83/><F37/><W24/><G114/><T107/><D3/><U27/><E38/><V48/><F2/><W57/><G71/><T41/><D29/><U111/><E123/><V73/><F122/><W59/><G120/><T103/><D91/><U61/><E76/><V124/><F73/><W14/><G126/><T42/><REACH who="0" step="1"/><D36/><REACH who="0" step="2"/><U100/><E89/><V50/><F31/><W40/><G39/><T74/><D74/><U104/><E72/><V6/><F75/><W22/><G77/><T115/><D115/><U54/><E112/><V125/><F124/><W8/><G35/><T110/><D110/><U130/><E111/><V127/><F33/><W16/><G45/><T106/><D106/><U21/><E32/><V92/><F129/><W19/><G105/><T85/><D85/><U9/><E34/><V90/><F90/><W80/><G80/><T63/><D63/><U30/><E130/><V4/><F97/><W65/><G98/><T133/><D133/><U94/><E104/><V55/><F127/><W20/><G65/><T44/><D44/><U17/><E135/><V11/><F67/><W53/><G53/><T51/><D51/><N who="2" m="19498" /><F55/><W121/><G121/><T102/><D102/><U109/><E109/><V113/><F125/><W79/><G79/><T10/><D10/><U68/><E68/><AGARI ba="0,1" hai="41,42,47,49,52,60,66,68,84,88,93,96,103,107" machi="68" ten="30,7700,0" yaku="1,1,7,1,54,2,53,0" doraHai="28" doraHaiUra="15" who="0" fromWho="1" sc="240,87,270,-77,250,0,230,0" /><INIT seed="2,0,0,4,0,88" ten="327,193,250,230" oya="2" hai0="48,66,46,9,84,128,35,11,118,75,64,47,78" hai1="100,50,39,59,36,0,89,79,34,60,90,58,70" hai2="61,98,119,104,2,67,12,129,1,40,92,4,6" hai3="31,115,103,123,99,130,127,37,114,19,105,32,91"/><V116/><F104/><W7/><G123/><T41/><D35/><U71/><E34/><V113/><F113/><W133/><G37/><N who="1" m="14410" /><E0/><V76/><F129/><W102/><G7/><T13/><D75/><U93/><E79/><V77/><F40/><W17/><G130/><T45/><D128/><U56/><E100/><V10/><F4/><W121/><G121/><T86/><D118/><U18/><E18/><V33/><F33/><W28/><G127/><T109/><D109/><U5/><E5/><V81/><F119/><W131/><G131/><T57/><D11/><U22/><E22/><V72/><F77/><W63/><G63/><N who="0" m="37999" /><D66/><N who="1" m="41287" /><E90/><V106/><F106/><W126/><G126/><T74/><D74/><U83/><E83/><V14/><F116/><W30/><G32/><T112/><D112/><N who="3" m="43049" /><G133/><T132/><D132/><U16/><E71/><V54/><F1/><W110/><G110/><T135/><D135/><U24/><E50/><V124/><F124/><W96/><G91/><T21/><D78/><U62/><E62/><V97/><F97/><N who="3" m="37451" /><G105/><T82/><D82/><U80/><E80/><V108/><F108/><W38/><G38/><T65/><D86/><U51/><E51/><V101/><F81/><W52/><G103/><T122/><D122/><U107/><E107/><V15/><F76/><W117/><G102/><T85/><D85/><U23/><E89/><V44/><F72/><W49/><G117/><T42/><D84/><U94/><E58/><AGARI ba="0,0" hai="17,19,28,30,31,49,52,58" m="37451,43049" machi="58" ten="30,2000,0" yaku="11,1,54,1" doraHai="88" who="3" fromWho="1" sc="327,0,193,-20,250,0,230,20" /><INIT seed="3,0,0,3,2,38" ten="327,173,250,250" oya="3" hai0="66,23,90,80,108,81,95,16,27,121,58,82,94" hai1="84,36,44,52,17,132,18,69,8,68,116,135,106" hai2="11,122,63,70,99,62,13,5,55,53,73,39,109" hai3="102,100,15,29,46,32,61,85,125,75,20,112,98"/><W103/><G75/><T43/><D121/><U60/><E106/><V6/><F73/><W77/><G112/><T126/><D126/><U101/><E101/><V78/><F122/><W111/><G32/><T25/><D108/><U9/><E84/><V74/><F109/><W19/><G111/><T35/><D35/><U93/><E93/><N who="0" m="35337" /><D43/><N who="1" m="22631" /><E9/><V83/><F39/><W1/><G1/><T41/><D41/><U134/><E8/><V119/><F119/><W124/><G46/><T40/><D40/><U117/><E17/><V92/><F5/><W3/><G3/><T76/><D76/><U130/><E18/><V113/><F113/><W30/><G61/><N who="0" m="38199" /><D25/><U48/><E130/><V2/><F2/><W91/><G77/><T129/><D129/><U47/><E60/><V86/><F74/><W131/><G131/><T118/><D118/><AGARI ba="0,0" hai="47,48,52,68,69,116,117,118,132,134,135" m="22631" machi="118" ten="40,12000,2" yaku="12,1,20,1,34,2,52,1,54,1" doraHai="38" who="1" fromWho="0" sc="327,-120,173,120,250,0,250,0" /><INIT seed="4,0,0,0,2,52" ten="207,293,250,250" oya="0" hai0="3,81,69,20,123,124,44,122,5,35,82,113,59" hai1="86,92,112,47,25,126,22,105,17,49,77,71,60" hai2="88,135,111,93,127,1,11,110,68,32,46,99,31" hai3="106,16,53,75,120,84,65,115,19,107,48,61,51"/><T104/><D69/><U85/><E105/><V34/><F68/><W131/><G75/><T109/><D35/><U40/><E126/><V114/><F127/><W94/><G107/><T62/><D124/><U96/><E112/><V108/><F114/><W91/><G106/><T12/><D113/><U28/><E77/><V83/><F135/><W121/><G115/><T117/><D117/><U103/><E71/><V18/><F46/><N who="3" m="27799" /><G51/><T7/><D104/><U43/><E60/><V42/><F42/><W130/><G65/><N who="0" m="39135" /><D3/><U97/><E43/><V116/><F116/><W50/><G50/><T6/><D123/><N who="3" m="47177" /><G61/><T67/><D122/><U56/><E56/><V132/><F132/><W125/><G125/><T133/><D133/><U36/><E36/><V45/><F45/><W23/><G23/><T98/><D109/><U128/><E128/><AGARI ba="0,0" hai="16,19,84,91,94,128,130,131" m="47177,27799" machi="128" ten="30,3900,0" yaku="19,1,13,1,54,1" doraHai="52" who="3" fromWho="1" sc="207,0,293,-39,250,0,250,39" /><INIT seed="5,0,0,0,5,40" ten="207,254,250,289" oya="1" hai0="30,42,71,65,132,101,126,89,1,22,118,41,49" hai1="64,133,31,21,2,96,57,111,58,104,4,68,78" hai2="17,94,51,32,44,131,128,129,125,74,43,112,15" hai3="82,45,28,33,123,59,85,66,16,19,38,5,63"/><U103/><E78/><V86/><F74/><W35/><G123/><T121/><D118/><U97/><E4/><V69/><F69/><W83/><G5/><T109/><D109/><U53/><E2/><V100/><F32/><W79/><G35/><T67/><D1/><U72/><E72/><V25/><F125/><W13/><G33/><T108/><D108/><U52/><E111/><V7/><F112/><W50/><G38/><T37/><D37/><U36/><E36/><V20/><F7/><W127/><G28/><T54/><D126/><U88/><E133/><V80/><F25/><W117/><G127/><T47/><D121/><U55/><E68/><V70/><F70/><W124/><G124/><T24/><D132/><U14/><E64/><N who="0" m="24649" /><D71/><U12/><E12/><V107/><F107/><W93/><G117/><T105/><D105/><U48/><E14/><V99/><F86/><N who="3" m="48479" /><G13/><T102/><D89/><U114/><E114/><V56/><F56/><W10/><G93/><T18/><D30/><U0/><E0/><V90/><REACH who="2" step="1"/><F80/><REACH who="2" step="2"/><W115/><G115/><T106/><D106/><U34/><E34/><V23/><F23/><W39/><G10/><T6/><D6/><U91/><E58/><V110/><F110/><W26/><G26/><T81/><D81/><U84/><E57/><V95/><F95/><W29/><G29/><T116/><D116/><U60/><E31/><V135/><F135/><W122/><G122/><T77/><D77/><U27/><E27/><V120/><F120/><W87/><G83/><T134/><D134/><U98/><E104/><V62/><F62/><RYUUKYOKU ba="0,1" sc="207,15,254,-15,240,15,289,-15" hai0="18,22,24,41,42,47,49,54,101,102" hai2="15,17,20,43,44,51,90,94,99,100,128,129,131" /><INIT seed="6,1,1,1,2,6" ten="222,239,255,274" oya="2" hai0="126,43,25,42,107,41,28,90,110,61,50,20,14" hai1="131,48,102,35,80,76,89,10,84,0,121,92,97" hai2="86,49,24,21,55,40,130,129,91,33,134,23,88" hai3="95,4,122,39,103,101,51,59,105,74,52,26,8"/><V128/><F134/><W99/><G39/><T79/><D110/><U27/><E131/><V98/><F40/><W117/><G74/><T65/><D126/><U133/><E133/><V109/><F109/><W45/><G122/><T19/><D107/><U64/><E121/><V112/><F112/><W124/><G117/><T57/><D79/><U75/><E64/><V73/><F73/><W108/><G108/><T15/><D90/><U68/><E68/><V81/><F98/><W12/><G124/><T17/><D50/><U116/><E116/><V22/><F91/><N who="3" m="55807" /><G105/><T32/><REACH who="0" step="1"/><D42/><REACH who="0" step="2"/><U5/><E48/><V62/><F62/><N who="3" m="36199" /><G26/><T77/><D77/><U125/><E125/><V115/><F115/><W93/><G93/><T71/><D71/><U111/><E111/><V38/><F38/><W132/><G132/><T16/><D16/><U56/><E27/><V46/><F33/><W135/><G135/><T87/><D87/><U82/><E35/><V119/><F119/><W94/><G94/><T58/><D58/><U1/><E56/><V18/><AGARI ba="1,2" hai="18,21,22,23,24,46,49,55,81,86,88,128,129,130" machi="18" ten="30,6000,0" yaku="0,1,19,1,54,1" doraHai="6" who="2" fromWho="2" sc="212,-21,239,-21,255,83,274,-21" owari="191,-31,218,-18,338,44,253,5" /></mjloggm>