<mjloggm ver="2.3"><GO type="225"/><UN n0="%E6%A1%9C%E7%8E%8B%E5%A5%B3" n1="%E3%81%B3%E3%82%8A%E3%81%B3%E3%82%8A%E2%98%86%E3%83%93%E3%83%AA%E3%83%BC" n2="%E3%83%9E%E3%83%BC%E3%82%AF%EF%BC%92" n3="%6D%61%63%6A%72" dan="17,16,17,16" rate="2191,2119,2129,2037" sx="F,M,M,F"/><TAIKYOKU oya="0"/><INIT seed="0,0,0,3,5,48" ten="250,250,250,250" oya="0" hai0="92,11,118,0,43,23,108,50,133,95,6,26,4" hai1="101,19,98,86,127,125,85,63,113,120,72,111,21" hai2="96,28,10,114,7,79,39,54,105,9,29,73,38" hai3="74,53,44,36,110,60,41,56,89,82,8,103,55"/><T128/><D118/><U97/><E120/><V135/><F114/><W84/><G110/><T112/><D112/><U99/><E72/><V37/><F135/><W109/><G109/><T66/><D108/><U106/><E111/><V18/><F18/><W71/><G71/><T20/><D133/><U22/><E113/><V47/><F79/><W65/><G103/><T124/><D66/><U69/><E101/><V76/><F76/><W52/><G74/><T80/><D124/><N who="1" m="47691" /><E106/><V30/><F73/><W90/><REACH who="3" step="1"/><G8/><REACH who="3" step="2"/><T75/><D75/><U25/><E69/><V62/><F9/><W93/><G93/><T100/><D92/><U64/><E64/><V24/><F105/><W57/><G57/><T83/><D100/><U33/><E33/><V27/><F96/><W102/><G102/><T16/><D95/><U123/><E99/><V88/><F10/><W115/><G115/><T81/><D6/><U117/><E98/><V122/><F122/><W68/><G68/><T13/><D81/><U42/><E97/><V31/><F7/><W35/><G35/><T46/><REACH who="0" step="1"/><D128/><REACH who="0" step="2"/><U12/><E123/><V91/><F91/><AGARI ba="0,2" hai="36,41,44,52,53,55,56,60,65,82,84,89,90,91" machi="91" ten="40,16000,3" yaku="1,1,52,3,54,1,53,3" doraHai="48" doraHaiUra="87" who="3" fromWho="2" sc="240,0,250,0,250,-160,240,180" /><INIT seed="1,0,0,0,4,64" ten="240,250,90,420" oya="1" hai0="103,97,60,59,126,130,9,112,125,52,131,58,118" hai1="116,80,71,8,132,57,102,36,135,40,99,110,114" hai2="75,18,120,56,49,1,94,20,66,62,83,24,48" hai3="104,81,77,31,41,44,13,91,53,67,85,38,10"/><U15/><E114/><V113/><F120/><W72/><G104/><N who="0" m="63599" /><D118/><U0/><E116/><V65/><F113/><W3/><G31/><T63/><D9/><U45/><E0/><V82/><F1/><W42/><G42/><T129/><D112/><U26/><E57/><V106/><F106/><W122/><G122/><T133/><D133/><N who="1" m="51275" /><E80/><V105/><F105/><W54/><G67/><AGARI ba="0,0" hai="52,58,59,60,63,67,125,126,129,130,131" m="63599" machi="67" ten="30,2000,0" yaku="19,1,54,1" doraHai="64" who="0" fromWho="3" sc="240,20,250,0,90,0,420,-20" /><INIT seed="2,0,0,0,1,70" ten="260,250,90,400" oya="2" hai0="54,77,118,40,25,76,27,72,61,94,53,43,48" hai1="110,114,63,134,129,96,67,99,97,10,88,83,84" hai2="108,126,87,79,56,55,15,113,78,13,9,16,117" hai3="35,95,86,116,58,17,14,22,1,20,46,62,50"/><V24/><F113/><W18/><G35/><T57/><D94/><U65/><E114/><V68/><F117/><W28/><G1/><T107/><D107/><U128/><E110/><V66/><F126/><W112/><G112/><T12/><D12/><U106/><E134/><V42/><F108/><W132/><G132/><T75/><D118/><U130/><E10/><V115/><F115/><W36/><G36/><T90/><D90/><U5/><E5/><V102/><F102/><W37/><G37/><T125/><D125/><U8/><E8/><V122/><F122/><W89/><G28/><T81/><D43/><U51/><E51/><V124/><F124/><W111/><G111/><T98/><D40/><U133/><E133/><V7/><F42/><N who="3" m="24919" /><G116/><T23/><D98/><U4/><E4/><V47/><F68/><W101/><G101/><T105/><D105/><U92/><E106/><V127/><F127/><W120/><G120/><T21/><D21/><N who="3" m="8297" /><G14/><T109/><D109/><U103/><REACH who="1" step="1"/><E67/><AGARI ba="0,0" hai="17,18,58,62,67,86,89,95" m="8297,24919" machi="67" ten="30,1000,0" yaku="8,1" doraHai="70" who="3" fromWho="1" sc="260,0,250,-10,90,0,400,10" /><INIT seed="3,0,0,4,3,91" ten="260,240,90,410" oya="3" hai0="87,117,86,116,57,51,125,13,124,81,48,46,39" hai1="68,93,97,113,61,19,14,28,55,134,56,110,18" hai2="33,70,53,78,66,72,90,37,120,129,96,102,44" hai3="88,34,40,58,127,25,77,80,95,94,74,122,107"/><W47/><G58/><T98/><D98/><U135/><E113/><V31/><F129/><W67/><G47/><T128/><D128/><U63/><E110/><V21/><F21/><W62/><G62/><T119/><D13/><U111/><E111/><V59/><F90/><W27/><G67/><T85/><D81/><U89/><E28/><V17/><F120/><W32/><G40/><T11/><D11/><U106/><E106/><V10/><F17/><W45/><G45/><T133/><D133/><N who="1" m="50699" /><E14/><V100/><F10/><W75/><G107/><T130/><D130/><U115/><E115/><V38/><F100/><W7/><G77/><T3/><D3/><U104/><E104/><V9/><F9/><W131/><G80/><T42/><D57/><N who="1" m="35007" /><E68/><V52/><F59/><W105/><G105/><T101/><D101/><U82/><E82/><V16/><F53/><W24/><G24/><T103/><D103/><U0/><E0/><V8/><F52/><AGARI ba="0,0" hai="18,19,52,56,63,89,93,97" m="35007,50699" machi="52" ten="30,3900,0" yaku="20,1,52,1,54,1" doraHai="91" who="1" fromWho="2" sc="260,0,240,39,90,-39,410,0" owari="260,-14,279,8,51,-45,410,51" /></mjloggm>