<mjloggm ver="2.3"><GO type="225"/><UN n0="%E4%B8%AD%E7%94%BA%E3%81%8B%E3%81%AA" n1="%E3%83%B4%E3%83%A0%EF%BC%99%E3%81%A6" n2="%72%61%72%61%70%70%65" n3="%E9%95%B7%E6%9D%91%E3%83%93%E3%83%83%E3%82%B0" dan="16,16,16,17" rate="2034,2088,2140,2210" sx="F,M,M,M"/><TAIKYOKU oya="0"/><INIT seed="0,0,0,5,5,70" ten="250,250,250,250" oya="0" hai0="29,45,92,4,26,130,71,6,39,20,106,62,15" hai1="14,34,135,109,50,89,95,10,55,121,112,28,18" hai2="32,97,120,93,99,11,128,74,131,132,21,79,5" hai3="63,90,134,133,111,125,104,67,56,102,49,86,118"/><T78/><D106/><U72/><E121/><V43/><F32/><W80/><G118/><T83/><D130/><U129/><E129/><N who="2" m="49739" /><F120/><W13/><G111/><T127/><D127/><U64/><E72/><V51/><F132/><N who="3" m="50795" /><G125/><T82/><D92/><U105/><E105/><V37/><F51/><W9/><G49/><T57/><D71/><U88/><E135/><V16/><F74/><W117/><G117/><T96/><D96/><U53/><E64/><V124/><F79/><W122/><G122/><T69/><D69/><U40/><E109/><V94/><F124/><W107/><G102/><T33/><D83/><U76/><E76/><V8/><F94/><W31/><G31/><T65/><D33/><U35/><E35/><V114/><F114/><W58/><G58/><T44/><D15/><U17/><E112/><V48/><F48/><W119/><G119/><T75/><REACH who="0" step="1"/><D45/><REACH who="0" step="2"/><N who="1" m="25895" /><E34/><V61/><F93/><W23/><G23/><T98/><D98/><U25/><E95/><V126/><F126/><W116/><G116/><T84/><D84/><U87/><E87/><V46/><F99/><W68/><G68/><T115/><D115/><U113/><E113/><V30/><F97/><W36/><G104/><T123/><D123/><U22/><E28/><V52/><F11/><W108/><G107/><T38/><D38/><U42/><E42/><AGARI ba="0,1" hai="4,6,20,26,29,39,42,44,57,62,65,75,78,82" machi="42" ten="40,7700,0" yaku="1,1,52,1,53,1" doraHai="70" doraHaiUra="73" who="0" fromWho="1" sc="240,87,250,-77,250,0,250,0" /><INIT seed="0,1,0,1,3,21" ten="327,173,250,250" oya="0" hai0="44,107,134,37,131,64,82,7,3,96,24,102,60" hai1="130,50,49,121,13,55,66,63,100,106,101,12,11" hai2="73,133,98,27,19,128,125,29,115,31,4,8,17" hai3="95,70,62,103,80,88,109,56,9,40,81,76,36"/><T14/><D3/><U22/><E121/><V74/><F115/><W59/><G103/><T120/><D120/><U99/><E130/><V122/><F122/><W91/><G109/><T57/><D131/><U114/><E114/><V117/><F128/><W45/><G70/><T118/><D118/><U0/><E0/><V20/><F117/><W87/><G9/><T43/><D134/><U105/><E22/><V77/><F133/><W68/><G68/><T42/><D42/><U111/><E111/><V93/><F125/><W53/><G56/><T83/><D7/><U90/><E90/><V65/><F65/><W123/><G123/><T18/><REACH who="0" step="1"/><D24/><REACH who="0" step="2"/><U54/><E12/><V51/><F27/><W52/><G53/><T41/><D41/><U47/><E54/><V32/><F4/><W84/><REACH who="3" step="1"/><G76/><REACH who="3" step="2"/><T38/><D38/><U30/><E55/><V33/><F77/><W39/><G39/><T75/><D75/><U92/><E106/><V35/><F74/><W28/><G28/><T23/><AGARI ba="1,2" hai="14,18,23,37,43,44,57,60,64,82,83,96,102,107" machi="23" ten="20,3900,0" yaku="1,1,0,1,7,1,53,0" doraHai="21" doraHaiUra="34" who="0" fromWho="0" sc="317,62,173,-14,250,-14,240,-14" /><INIT seed="0,2,0,5,2,31" ten="379,159,236,226" oya="0" hai0="50,134,73,130,71,105,88,64,124,38,110,97,135" hai1="23,131,125,121,45,101,8,94,119,102,107,35,118" hai2="111,85,95,34,78,67,37,122,103,28,76,19,81" hai3="72,123,43,48,44,106,84,15,18,49,96,83,22"/><T63/><D38/><U2/><E121/><V115/><F115/><W62/><G72/><T89/><D73/><U9/><E107/><V66/><F122/><W11/><G123/><T59/><D124/><U53/><E125/><V133/><F133/><N who="0" m="50698" /><D130/><U79/><E79/><V82/><F37/><W57/><G106/><T61/><D50/><U58/><E131/><V68/><F111/><W69/><G69/><T51/><D51/><U16/><E45/><V86/><F68/><W114/><G114/><T14/><D14/><U4/><E8/><V47/><F47/><W56/><G96/><T20/><D20/><U12/><E35/><V92/><F19/><W109/><G109/><T26/><D26/><U41/><E41/><V6/><F6/><W54/><G22/><T25/><D25/><U132/><E132/><V128/><F128/><W5/><G5/><T0/><D0/><U27/><E2/><V70/><F70/><W60/><REACH who="3" step="1"/><G56/><REACH who="3" step="2"/><T127/><D127/><U126/><E126/><V113/><F113/><W46/><G46/><T117/><D110/><U87/><E119/><V10/><F10/><W33/><G33/><T52/><D117/><U24/><E118/><V100/><F34/><W1/><G1/><T39/><D105/><U36/><E36/><V7/><F7/><W108/><G108/><T75/><D39/><U77/><E23/><V74/><F74/><W32/><G32/><T112/><D75/><U29/><E4/><V98/><F98/><W21/><G21/><T116/><D112/><U90/><E58/><V55/><F28/><W80/><G80/><RYUUKYOKU ba="2,1" sc="379,-15,159,-15,236,15,216,15" hai2="55,66,67,76,78,81,82,85,86,92,95,100,103" hai3="11,15,18,43,44,48,49,54,57,60,62,83,84" /><INIT seed="1,3,1,3,0,122" ten="364,144,251,231" oya="1" hai0="110,74,133,61,99,20,129,44,84,39,105,14,31" hai1="65,3,18,127,90,5,24,19,15,59,97,55,119" hai2="106,37,78,58,135,101,73,40,113,21,32,23,54" hai3="102,0,104,22,53,112,100,8,52,103,76,38,7"/><U34/><E119/><V68/><F68/><W70/><G112/><T126/><D74/><U1/><E65/><V80/><F32/><W116/><G104/><T28/><D105/><U9/><E127/><V12/><F113/><W56/><G70/><T67/><D99/><U42/><E42/><V128/><F128/><W108/><G38/><T6/><D84/><U10/><E1/><V134/><F101/><W43/><G43/><T71/><D44/><U63/><E34/><V45/><F106/><W81/><G116/><T13/><D39/><U86/><E97/><V89/><F89/><W25/><G108/><T75/><D110/><U50/><E24/><V11/><F11/><W92/><G92/><T49/><D129/><U60/><REACH who="1" step="1"/><E18/><REACH who="1" step="2"/><V4/><F4/><W29/><REACH who="3" step="1"/><G56/><REACH who="3" step="2"/><T121/><D71/><U124/><E124/><V93/><F58/><W87/><AGARI ba="3,3" hai="0,7,8,22,25,29,52,53,76,81,87,100,102,103" machi="87" ten="30,12000,2" yaku="1,1,2,1,0,1,54,1,53,3" doraHai="122" doraHaiUra="98" who="3" fromWho="3" sc="364,-33,134,-63,251,-33,221,159" /><INIT seed="2,0,0,1,2,91" ten="331,71,218,380" oya="2" hai0="3,10,57,85,45,77,18,129,105,1,121,31,126" hai1="79,52,7,70,113,28,110,23,47,133,32,58,6" hai2="117,109,69,9,81,71,103,39,8,38,67,119,131" hai3="115,132,29,25,82,123,87,72,21,74,95,107,76"/><V108/><F81/><W90/><G123/><T49/><D105/><U19/><E70/><N who="2" m="26635" /><F103/><W34/><G132/><T98/><D121/><U86/><E110/><N who="2" m="42603" /><F67/><W63/><G115/><T44/><D98/><U128/><E128/><V104/><F104/><W106/><G74/><T35/><D129/><U17/><E133/><V83/><F83/><W88/><G63/><T99/><D99/><U127/><E127/><V66/><F66/><W16/><G90/><T118/><D126/><U15/><E113/><V51/><F51/><W36/><G36/><N who="2" m="13865" /><F131/><W93/><G93/><T5/><D49/><U73/><E73/><V111/><N who="2" m="42611" /><V64/><DORA hai="12" /><F64/><W24/><AGARI ba="0,0" hai="16,21,24,25,29,34,72,76,82,87,88,95,106,107" machi="24" ten="20,12000,2" yaku="0,1,7,1,52,2,54,2" doraHai="91,12" who="3" fromWho="3" sc="331,-30,71,-30,218,-60,380,120" /><INIT seed="3,0,0,3,4,25" ten="301,41,158,500" oya="3" hai0="19,0,11,94,116,70,14,62,67,92,125,111,2" hai1="105,37,122,1,100,4,109,73,59,24,127,51,23" hai2="28,32,83,66,110,86,35,131,112,90,48,132,17" hai3="69,102,128,91,95,87,26,13,107,54,22,61,78"/><W101/><G107/><T99/><D116/><U119/><E73/><V58/><F112/><W46/><G78/><T6/><D111/><U80/><E37/><V52/><F110/><W84/><G84/><T63/><D125/><U123/><E109/><V130/><F132/><W55/><G13/><T33/><D33/><U121/><E80/><V42/><F42/><W85/><G85/><T47/><D47/><U114/><E114/><V76/><F76/><W53/><G46/><T44/><D44/><U74/><E74/><V120/><F66/><W49/><G49/><T43/><D63/><U10/><E119/><V27/><F120/><W41/><G41/><T3/><D43/><U88/><E127/><V12/><REACH who="2" step="1"/><F35/><REACH who="2" step="2"/><W89/><G53/><T113/><D67/><U15/><E1/><V82/><F82/><W39/><G54/><T68/><D113/><U31/><E100/><V16/><F16/><W56/><G101/><T96/><D19/><U71/><E105/><V9/><AGARI ba="0,1" hai="9,12,17,27,28,32,48,52,58,83,86,90,130,131" machi="9" ten="30,7900,0" yaku="1,1,0,1,52,1,54,1,53,0" doraHai="25" doraHaiUra="133" who="2" fromWho="2" sc="301,-20,41,-20,148,89,500,-39" owari="281,8,21,-48,237,-16,461,56" /></mjloggm>