<mjloggm ver="2.3"><GO type="169"/><UN n0="%75%73%6B%31%31%31%35" n1="%E6%9C%A7%E5%A4%8F%E6%9C%88" n2="%E3%81%A0%E3%81%84%E3%81%95%E3%82%93%E3%81%92%E3%83%BC%E3%82%93" n3="%E6%81%B5%E5%A4%AA%E9%83%8E%EF%BC%A0%E6%9D%B1%E4%BA%AC" dan="17,17,17,17" rate="2178,2191,2126,2178" sx="M,M,M,M"/><TAIKYOKU oya="0"/><INIT seed="0,0,0,4,0,70" ten="250,250,250,250" oya="0" hai0="40,15,17,54,63,71,49,105,23,34,42,28,101" hai1="56,79,69,18,86,126,99,124,74,20,96,120,30" hai2="107,97,121,8,3,43,62,111,87,78,67,50,75" hai3="125,92,47,21,4,33,11,55,59,5,81,91,72"/><T51/><D51/><U41/><E69/><V38/><F121/><W103/><G33/><T19/><D17/><U130/><E120/><V82/><F50/><W46/><G125/><T85/><D85/><U95/><E130/><V109/><F87/><N who="3" m="50671" /><G72/><T48/><D49/><U93/><E30/><V68/><F97/><N who="3" m="59815" /><G21/><T100/><D48/><U106/><E106/><V113/><F107/><W44/><G11/><T14/><D14/><U61/><E74/><V27/><F27/><W128/><G128/><T89/><D89/><U116/><E116/><V80/><F80/><W104/><G104/><T45/><D45/><N who="3" m="11521" /><W1/><DORA hai="135" /><G1/><T37/><D37/><U83/><E41/><V110/><F43/><W127/><G127/><N who="1" m="48682" /><E99/><V123/><F123/><W90/><G90/><T12/><D42/><U39/><E39/><V122/><F38/><W84/><G84/><T65/><D40/><U134/><E96/><V132/><F122/><W133/><G133/><T88/><D105/><U76/><E134/><V24/><F132/><W31/><G31/><T118/><D118/><U57/><E79/><V10/><F109/><W64/><G64/><T94/><D28/><U129/><E129/><V16/><F67/><W115/><G115/><T58/><D34/><U114/><E114/><V35/><F113/><W66/><G66/><T2/><D65/><N who="1" m="39079" /><E57/><V26/><F111/><W98/><G98/><N who="0" m="57671" /><D71/><U131/><E131/><V32/><F68/><W73/><G73/><T0/><D101/><U60/><E60/><AGARI ba="0,0" hai="4,5,55,59,60" m="11521,59815,50671" machi="60" ten="30,1000,0" yaku="8,1" doraHai="70,135" who="3" fromWho="1" sc="250,0,250,-10,250,0,250,10" /><INIT seed="1,0,0,3,2,99" ten="250,240,250,260" oya="1" hai0="90,124,3,52,54,31,0,40,55,80,34,15,96" hai1="53,83,78,46,106,30,107,11,49,62,60,120,9" hai2="114,2,48,98,130,44,29,87,126,117,22,133,27" hai3="68,5,104,6,32,24,56,109,35,129,59,1,50"/><U43/><E120/><V45/><F117/><W102/><G68/><T135/><D40/><U82/><E30/><V79/><F2/><W58/><G1/><T75/><D15/><U37/><E107/><V119/><F119/><W116/><G116/><T76/><D124/><U39/><E106/><V41/><F126/><W70/><G70/><T115/><D115/><U81/><E78/><V67/><F67/><W69/><G69/><T89/><D135/><U61/><REACH who="1" step="1"/><E39/><REACH who="1" step="2"/><V8/><F79/><W92/><G104/><T128/><D31/><U23/><E23/><V94/><F22/><W47/><G35/><T86/><D34/><U118/><E118/><V72/><F29/><W103/><G32/><T66/><D76/><U112/><E112/><V33/><F33/><W100/><G129/><T113/><D128/><U19/><E19/><V16/><F16/><W26/><G109/><T95/><D113/><U51/><E51/><V63/><F48/><W127/><G127/><T17/><D17/><U36/><E36/><V12/><F130/><W21/><G21/><T38/><D38/><U134/><E134/><V10/><F133/><W7/><G92/><T71/><D75/><U65/><E65/><V84/><F72/><W123/><G123/><T125/><D125/><U73/><E73/><V122/><F122/><W93/><G93/><T97/><D66/><U13/><E13/><V28/><F12/><W108/><G108/><T131/><D131/><U121/><E121/><V77/><F94/><W14/><G14/><T105/><D71/><U25/><E25/><V110/><F27/><RYUUKYOKU ba="0,1" sc="250,10,230,10,250,-30,260,10" hai0="0,3,52,54,55,80,86,89,90,95,96,97,105" hai1="9,11,37,43,46,49,53,60,61,62,81,82,83" hai3="5,6,7,24,26,47,50,56,58,59,100,102,103" /><INIT seed="1,1,1,1,1,106" ten="260,240,220,270" oya="1" hai0="95,79,122,75,87,121,67,96,47,68,4,77,113" hai1="8,10,27,94,127,135,63,129,71,72,124,102,90" hai2="76,55,103,28,119,91,1,58,64,7,118,112,34" hai3="24,92,108,33,109,107,81,110,19,29,53,59,51"/><U115/><E115/><V38/><F112/><W48/><G107/><T100/><D113/><U31/><E102/><V101/><F38/><W32/><G92/><T86/><D4/><U62/><E129/><V14/><F1/><W126/><G126/><N who="1" m="48170" /><E72/><V60/><F34/><W133/><G133/><T6/><D6/><U41/><E41/><V18/><F7/><W2/><G2/><T123/><D47/><U22/><E135/><V99/><F28/><W132/><G132/><T73/><D67/><N who="1" m="41463" /><E63/><V93/><F76/><N who="0" m="29258" /><D68/><U50/><E50/><N who="2" m="31095" /><F119/><W12/><G81/><T74/><AGARI ba="1,1" hai="73,74,75,86,87,95,96,100,121,122,123" m="29258" machi="74" ten="40,12000,2" yaku="13,1,34,2,52,3" doraHai="106" who="0" fromWho="0" sc="260,133,240,-61,220,-31,270,-31" /><INIT seed="2,0,0,3,5,135" ten="393,179,189,239" oya="2" hai0="51,3,133,70,6,125,81,46,130,96,71,25,124" hai1="108,97,8,27,118,79,21,112,15,93,86,24,10" hai2="22,98,9,47,119,30,65,122,78,16,134,1,117" hai3="76,103,14,19,44,102,58,115,68,18,74,26,121"/><V7/><F122/><W83/><G121/><T87/><D96/><U62/><E112/><V43/><F134/><W35/><G68/><T34/><D133/><U48/><E118/><V116/><F65/><W123/><G123/><T32/><D130/><U89/><E108/><V72/><F98/><W38/><G115/><T37/><D37/><U12/><E62/><V104/><F104/><W113/><G113/><T0/><D6/><U90/><E79/><V64/><F64/><W36/><G58/><T39/><D39/><U109/><E109/><V53/><F53/><W73/><G35/><N who="0" m="13355" /><D25/><U49/><E97/><V60/><F60/><W84/><G26/><T29/><D29/><U77/><E77/><V131/><F131/><W106/><G106/><T11/><D11/><U100/><E100/><V127/><F30/><W66/><G66/><T82/><D51/><N who="1" m="19531" /><E89/><V101/><F101/><W63/><G102/><T80/><D87/><U61/><E61/><V2/><F2/><N who="0" m="554" /><D46/><U13/><E27/><V69/><F116/><W132/><G103/><T31/><D31/><AGARI ba="0,0" hai="8,10,12,13,15,21,24,31,86,90,93" m="19531" machi="31" ten="30,1000,0" yaku="8,1" doraHai="135" who="1" fromWho="0" sc="393,-10,179,10,189,0,239,0" /><INIT seed="3,0,0,5,4,56" ten="383,189,189,239" oya="3" hai0="124,5,43,92,4,73,91,54,20,99,30,110,25" hai1="44,113,128,74,16,28,34,27,100,115,62,47,118" hai2="13,6,122,9,26,135,105,15,117,83,65,104,89" hai3="72,84,106,90,17,86,134,71,126,22,102,116,78"/><W45/><G116/><T123/><D123/><U101/><E74/><V35/><F117/><W11/><G71/><T46/><D73/><U59/><E118/><V61/><F122/><W87/><G126/><T50/><D124/><U36/><E128/><V60/><F135/><W112/><G134/><T42/><D110/><U70/><E70/><V40/><F40/><AGARI ba="0,0" hai="4,5,20,25,30,40,42,43,46,50,54,91,92,99" machi="40" ten="40,1300,0" yaku="8,1" doraHai="56" who="0" fromWho="2" sc="383,13,189,0,189,-13,239,0" /><INIT seed="4,0,0,5,1,57" ten="396,189,176,239" oya="0" hai0="60,30,109,98,63,106,122,31,53,77,33,18,22" hai1="113,38,39,101,32,49,115,3,44,25,19,16,80" hai2="58,9,35,78,127,135,91,92,93,50,52,28,10" hai3="131,116,118,79,62,124,12,90,61,56,4,69,29"/><T26/><D122/><U47/><E3/><V89/><F135/><W48/><G124/><T70/><D109/><U40/><E101/><V20/><F127/><W87/><G131/><T133/><D77/><U51/><E80/><V75/><F35/><W65/><G79/><T72/><D72/><U59/><E59/><V94/><F78/><W108/><G108/><T103/><D133/><U130/><E130/><V1/><F75/><W126/><G29/><T111/><D111/><U81/><E81/><V41/><F41/><W6/><G48/><T85/><D85/><U2/><E2/><V97/><F1/><W37/><G37/><N who="1" m="13834" /><E25/><N who="2" m="16423" /><F93/><W71/><G12/><T27/><D70/><U76/><E32/><V132/><F132/><W17/><G17/><N who="1" m="6730" /><E76/><V64/><F64/><W114/><G126/><T125/><D125/><U129/><E129/><V86/><AGARI ba="0,0" hai="9,10,50,52,58,86,89,91,92,94,97" m="16423" machi="86" ten="30,2000,0" yaku="8,1,54,1" doraHai="57" who="2" fromWho="2" sc="396,-10,189,-5,176,20,239,-5" /><INIT seed="5,0,0,0,5,84" ten="386,184,196,234" oya="1" hai0="85,96,46,95,101,71,50,130,33,17,118,61,72" hai1="67,25,114,78,129,0,103,44,30,116,92,6,55" hai2="63,19,52,28,90,4,115,40,121,117,83,11,2" hai3="82,113,70,51,53,131,122,24,134,110,76,32,26"/><U106/><E116/><V54/><F121/><W77/><G70/><T42/><D72/><U126/><E106/><V56/><F117/><W91/><G110/><T75/><D75/><U102/><E114/><V73/><F40/><W47/><G122/><T88/><D33/><U62/><E78/><V94/><F115/><W80/><G113/><T57/><D118/><U132/><E132/><V29/><F19/><W22/><G134/><T74/><D74/><U8/><E126/><V109/><F109/><W127/><G127/><T41/><D71/><U18/><E18/><V14/><F2/><W64/><G32/><T37/><D130/><U34/><E129/><V124/><F124/><W99/><G64/><N who="0" m="38959" /><D37/><U79/><E79/><N who="3" m="30282" /><G131/><T48/><D17/><U20/><E34/><V125/><F125/><W111/><G111/><T69/><D69/><U43/><E55/><N who="2" m="34207" /><F83/><N who="3" m="31787" /><G22/><T49/><D41/><U128/><E128/><V119/><F73/><W39/><G39/><T27/><D27/><U89/><E67/><V23/><F119/><W10/><G10/><T123/><D123/><U3/><E3/><V86/><F23/><W66/><G66/><T135/><D135/><U120/><E120/><V105/><F105/><W100/><G100/><T59/><D59/><U107/><E107/><V38/><F38/><W7/><G7/><T1/><D1/><U12/><E0/><V93/><F29/><W104/><G104/><T9/><D9/><U13/><E8/><V5/><F28/><W81/><G81/><AGARI ba="0,0" hai="42,46,48,49,50,81,85,88,95,96,101" m="38959" machi="81" ten="30,3900,0" yaku="8,1,52,1,54,1" doraHai="84" who="0" fromWho="3" sc="386,39,184,0,196,0,234,-39" /><INIT seed="6,0,0,5,4,30" ten="425,184,196,195" oya="2" hai0="63,0,23,91,5,117,100,39,85,13,6,131,121" hai1="29,130,94,86,59,74,62,119,53,104,103,58,43" hai2="97,34,4,42,82,7,105,111,11,22,18,71,102" hai3="80,124,41,38,12,8,101,118,57,65,16,93,55"/><V68/><F111/><W135/><G118/><T72/><D39/><U15/><E119/><V26/><F42/><W40/><G135/><T89/><D72/><U28/><E74/><V20/><F20/><W1/><G124/><T87/><D100/><U126/><E126/><V120/><F120/><W61/><G1/><T49/><D49/><U2/><E2/><V99/><F99/><N who="3" m="59631" /><G38/><T116/><D23/><U128/><E104/><V133/><F133/><W27/><G27/><T60/><D0/><U10/><E43/><N who="3" m="16458" /><G80/><T98/><D98/><N who="1" m="59863" /><E86/><V56/><F34/><W24/><G24/><T95/><D131/><N who="1" m="50219" /><E59/><V33/><F33/><W125/><G125/><T17/><D121/><U54/><E53/><AGARI ba="0,0" hai="8,12,16,53,55,57,61,65" m="16458,59631" machi="53" ten="30,2000,0" yaku="8,1,54,1" doraHai="30" who="3" fromWho="1" sc="425,0,184,-20,196,0,195,20" /><INIT seed="7,0,0,1,4,2" ten="425,164,196,215" oya="3" hai0="74,51,19,119,47,24,76,85,92,90,45,4,62" hai1="102,50,73,97,103,66,86,95,111,70,23,60,115" hai2="32,58,77,34,89,133,130,122,17,37,104,78,105" hai3="38,46,124,18,113,20,125,29,107,106,67,108,80"/><W57/><G113/><T112/><D119/><U52/><E115/><V54/><F37/><W48/><G29/><T25/><D112/><U3/><E73/><V114/><F114/><W40/><G108/><T126/><D126/><N who="3" m="48745" /><G80/><T71/><D74/><U96/><E111/><V75/><F75/><W59/><G67/><T49/><D76/><U56/><E3/><V42/><F78/><W94/><G94/><T10/><D71/><U21/><REACH who="1" step="1"/><E86/><REACH who="1" step="2"/><V116/><F116/><W53/><G59/><T1/><D90/><U8/><E8/><V28/><F58/><W118/><G118/><T36/><D92/><AGARI ba="0,1" hai="21,23,50,52,56,60,66,70,92,95,96,97,102,103" machi="92" ten="30,7700,0" yaku="1,1,7,1,9,1,54,1,53,0" doraHai="2" doraHaiUra="132" who="1" fromWho="0" sc="425,-77,154,87,196,0,215,0" owari="348,44,241,4,196,-30,215,-18" /></mjloggm>