<mjloggm ver="2.3"><GO type="225"/><UN n0="%72%61%72%61%70%70%65" n1="%E3%81%B3%E3%82%8A%E3%81%B3%E3%82%8A%E2%98%86%E3%83%93%E3%83%AA%E3%83%BC" n2="%E9%87%98%E5%AE%AE%E7%97%85%E6%82%A3%E8%80%85" n3="%61%61%33%31%39%33" dan="16,16,17,16" rate="2142,2149,2143,2127" sx="M,M,M,F"/><TAIKYOKU oya="0"/><INIT seed="0,0,0,2,1,37" ten="250,250,250,250" oya="0" hai0="96,48,94,109,93,39,83,19,10,52,76,40,35" hai1="120,32,68,118,126,65,46,132,25,50,29,130,13" hai2="84,54,64,89,16,17,131,7,18,23,106,21,114" hai3="41,47,70,43,60,88,2,24,98,122,87,99,113"/><T71/><D71/><U69/><E118/><V133/><F114/><W129/><G113/><T33/><D35/><U44/><E120/><V90/><F106/><W115/><G2/><T123/><D33/><U104/><E104/><V77/><F133/><W59/><G70/><T134/><D123/><U108/><E108/><V111/><F111/><W61/><G115/><T42/><D39/><U0/><E0/><V105/><F105/><W95/><G129/><T36/><D36/><U79/><E79/><V22/><F131/><W5/><G5/><T74/><D109/><U63/><E69/><V62/><F7/><W135/><G135/><T107/><D107/><U45/><E132/><V81/><F64/><N who="3" m="38943" /><G47/><T49/><D48/><U27/><E27/><V1/><F1/><W34/><G34/><T56/><D134/><U28/><E28/><V85/><F85/><W128/><G128/><T4/><D19/><U92/><E13/><V55/><REACH who="2" step="1"/><F62/><REACH who="2" step="2"/><W51/><G122/><T121/><D121/><U26/><E130/><V102/><F102/><W97/><G61/><T53/><D94/><U8/><E92/><V112/><F112/><W117/><G117/><T3/><REACH who="0" step="1"/><D53/><AGARI ba="0,1" hai="16,17,18,21,22,23,53,54,55,77,81,84,89,90" machi="53" ten="40,5200,0" yaku="1,1,8,1,54,1,53,0" doraHai="37" doraHaiUra="101" who="2" fromWho="0" sc="250,-52,250,0,240,62,250,0" /><INIT seed="1,0,0,1,4,55" ten="198,250,302,250" oya="1" hai0="81,53,106,76,16,64,56,30,84,9,4,129,41" hai1="80,78,33,134,122,8,2,57,99,51,100,42,61" hai2="119,111,118,113,21,79,62,127,35,34,73,91,83" hai3="19,65,70,75,45,37,47,110,3,104,108,68,120"/><U87/><E122/><V101/><F101/><W86/><G104/><T18/><D129/><U128/><E128/><V46/><F111/><N who="3" m="42539" /><G3/><T23/><D106/><U54/><E134/><V31/><F127/><W49/><G75/><T90/><D41/><U7/><E33/><V38/><F113/><W10/><G120/><T131/><D64/><U40/><REACH who="1" step="1"/><E51/><REACH who="1" step="2"/><V92/><F34/><W107/><G49/><N who="0" m="30767" /><D131/><U20/><E20/><V130/><F35/><W52/><G37/><T43/><D43/><U14/><E14/><V74/><F21/><W39/><G47/><T96/><D23/><U11/><E11/><V116/><F130/><W125/><G39/><T97/><D30/><U32/><E32/><V69/><F31/><W27/><G10/><T44/><D4/><U77/><E77/><V0/><F79/><W82/><G27/><T63/><D9/><U102/><E102/><V24/><F24/><W50/><G19/><T22/><D18/><U115/><E115/><V17/><F17/><W121/><G121/><T93/><D63/><U1/><E1/><V13/><F62/><N who="3" m="39991" /><G125/><T58/><D44/><U66/><E66/><V98/><F46/><W29/><G70/><T95/><D76/><U105/><AGARI ba="0,1" hai="2,7,8,40,42,54,57,61,78,80,87,99,100,105" machi="105" ten="20,7800,0" yaku="1,1,0,1,7,1,52,1,53,0" doraHai="55" doraHaiUra="26" who="1" fromWho="1" sc="198,-26,240,88,302,-26,250,-26" /><INIT seed="1,1,0,5,0,65" ten="172,328,276,224" oya="1" hai0="9,120,52,24,127,57,6,3,35,18,42,118,75" hai1="123,68,70,29,51,88,53,47,67,2,19,38,84" hai2="58,113,109,59,126,21,105,124,44,86,4,17,0" hai3="93,89,39,133,100,95,37,128,116,66,77,26,32"/><U130/><E123/><V28/><F109/><W41/><G77/><T8/><D75/><U63/><E2/><V83/><F105/><W122/><G100/><T82/><D120/><U50/><E130/><V60/><F113/><W87/><G95/><T34/><D118/><U76/><E76/><V121/><F121/><W134/><G122/><T135/><D42/><U110/><E110/><V115/><F115/><W97/><G128/><T91/><D127/><N who="2" m="48682" /><F28/><N who="3" m="19479" /><G97/><T55/><D135/><N who="3" m="51721" /><G116/><T12/><D35/><U16/><E29/><V7/><F44/><N who="3" m="23599" /><G66/><T129/><D129/><U81/><E51/><V103/><F103/><W22/><G22/><T80/><D55/><U106/><E106/><V33/><F33/><W10/><G10/><T31/><REACH who="0" step="1"/><D91/><REACH who="0" step="2"/><U54/><E53/><N who="2" m="33871" /><F59/><W61/><G61/><AGARI ba="1,1" hai="3,6,8,9,12,18,24,31,34,52,57,61,80,82" machi="61" ten="30,8000,1" yaku="1,1,7,1,54,1,53,2" doraHai="65" doraHaiUra="79" who="0" fromWho="3" sc="162,93,328,0,276,0,224,-83" /><INIT seed="2,0,0,0,4,135" ten="255,328,276,141" oya="2" hai0="15,21,106,67,1,97,89,23,101,24,109,43,85" hai1="70,128,55,75,7,14,37,12,88,122,77,80,107" hai2="0,91,78,105,13,110,46,42,27,125,57,121,73" hai3="108,16,41,64,116,126,4,84,25,95,56,112,71"/><V33/><F0/><W133/><G116/><T124/><D1/><U49/><E107/><V53/><F121/><W132/><G71/><T82/><D109/><U74/><E70/><V65/><F65/><W2/><G41/><T32/><D67/><U50/><E37/><V31/><F105/><W113/><G108/><T8/><D43/><U68/><E68/><V19/><F110/><W130/><G130/><T98/><D97/><U60/><E128/><V104/><F104/><W79/><G2/><T92/><D106/><U93/><E75/><V6/><F6/><W66/><G4/><T38/><D38/><U59/><E122/><V34/><F34/><W9/><G64/><T100/><D100/><U61/><E61/><V94/><F78/><W123/><G123/><T30/><REACH who="0" step="1"/><D124/><REACH who="0" step="2"/><U39/><E39/><V69/><F125/><W51/><G126/><T76/><D76/><U103/><E103/><V127/><F127/><W45/><G66/><T72/><D72/><U118/><E77/><V90/><F73/><W18/><G56/><T86/><D86/><U83/><E74/><V87/><F69/><W10/><G79/><T5/><AGARI ba="0,1" hai="5,8,15,21,23,24,30,32,82,85,89,92,98,101" machi="5" ten="20,2700,0" yaku="1,1,0,1,7,1,53,0" doraHai="135" doraHaiUra="114" who="0" fromWho="0" sc="245,37,328,-7,276,-13,141,-7" /><INIT seed="3,0,0,0,5,44" ten="282,321,263,134" oya="3" hai0="58,109,111,74,69,46,45,50,21,129,123,11,72" hai1="117,27,79,114,38,121,0,97,16,6,15,31,119" hai2="36,26,30,43,131,99,105,96,23,14,134,110,35" hai3="71,113,4,112,62,70,132,98,88,37,127,28,49"/><W118/><G4/><T91/><D69/><N who="3" m="26121" /><G28/><T122/><D129/><U47/><E79/><V89/><F105/><W48/><G98/><T59/><D11/><N who="1" m="2503" /><E97/><V81/><F81/><W18/><G18/><T78/><D91/><U32/><E114/><N who="3" m="44138" /><G88/><T1/><D1/><U93/><E93/><V60/><F131/><W17/><G17/><T64/><D64/><U56/><E56/><V54/><F89/><W86/><G86/><T66/><D66/><U94/><E94/><V33/><F96/><W65/><G132/><T40/><D78/><U20/><E121/><N who="0" m="46089" /><D21/><U116/><E116/><V87/><F35/><W57/><G118/><T135/><D135/><U84/><E84/><V95/><F87/><W51/><G127/><T39/><D74/><U106/><E106/><V76/><F26/><W41/><G37/><T53/><D72/><U55/><E38/><V126/><F95/><W5/><G5/><T133/><D133/><U42/><E119/><V77/><F30/><W29/><G29/><T130/><D130/><U7/><E7/><V22/><F99/><W75/><G75/><T68/><D68/><U9/><E117/><V103/><F134/><W102/><G102/><T13/><D13/><U2/><E2/><V107/><F126/><W24/><G24/><T100/><D100/><U108/><E9/><V90/><F14/><W92/><G92/><T10/><D10/><U73/><E73/><V67/><F90/><W115/><N who="3" m="44146" /><W34/><DORA hai="61" /><G34/><T125/><D125/><U25/><E32/><V124/><F33/><W104/><G104/><T19/><D19/><RYUUKYOKU ba="0,0" sc="282,15,321,-15,263,-15,134,15" hai0="39,40,45,46,50,53,58,59,109,111" hai3="41,48,49,51,57,62,65" /><INIT seed="3,1,0,1,5,8" ten="297,306,248,149" oya="3" hai0="2,39,12,17,7,114,31,43,94,61,107,23,112" hai1="24,3,105,118,106,91,109,73,79,21,90,81,40" hai2="113,125,76,59,9,34,131,132,80,55,19,99,71" hai3="108,11,4,32,48,101,83,70,42,103,102,44,130"/><W88/><G70/><T50/><D107/><U52/><E3/><V53/><F113/><N who="0" m="43626" /><D39/><U51/><E106/><V54/><F71/><W89/><G130/><T95/><D61/><U124/><E105/><V25/><F125/><W74/><G32/><T38/><D38/><U15/><E124/><V66/><F132/><W18/><G108/><T121/><D31/><U69/><E69/><V16/><F131/><W87/><G74/><T22/><D23/><U20/><E21/><N who="2" m="13479" /><F34/><W65/><G65/><T33/><D33/><U85/><E73/><V35/><F35/><W77/><REACH who="3" step="1"/><G18/><REACH who="3" step="2"/><T110/><D110/><U56/><E109/><V14/><F66/><W64/><G64/><T117/><D117/><U82/><E118/><V75/><F75/><W46/><G46/><N who="0" m="25951" /><D121/><U63/><E56/><V119/><F119/><W126/><G126/><T84/><D84/><U26/><E85/><N who="2" m="48263" /><F99/><W135/><G135/><T78/><D78/><U13/><E79/><V97/><F97/><W86/><G86/><T41/><D41/><U115/><E40/><V96/><F96/><W123/><G123/><T60/><D60/><AGARI ba="1,1" hai="9,14,19,53,54,55,59,60" m="48263,13479" machi="60" ten="30,3900,0" yaku="8,1,52,1,54,1" doraHai="8" who="2" fromWho="0" sc="297,-42,306,0,248,52,139,0" owari="255,-14,306,40,300,10,139,-36" /></mjloggm>