<mjloggm ver="2.3"><GO type="169"/><UN n0="%E5%A4%9C%E5%A4%A2%E6%AB%BB" n1="%E3%81%86%E3%82%81%E5%B9%B2%E3%81%97%E3%81%B0%E3%81%B0%E3%81%82" n2="%E6%AF%94%E5%98%89%E7%A7%80%E4%BB%81" n3="%E9%8A%80%E9%81%8A%E7%A7%81%E4%BA%BA" dan="16,17,16,16" rate="2111,2144,2132,2018" sx="M,F,M,M"/><TAIKYOKU oya="0"/><INIT seed="0,0,0,3,4,102" ten="250,250,250,250" oya="0" hai0="23,42,119,66,126,3,12,88,78,94,50,127,97" hai1="30,110,122,49,48,18,38,100,39,24,51,111,132" hai2="104,28,95,7,9,129,4,93,31,26,33,69,73" hai3="40,53,98,6,71,118,121,21,89,37,82,29,32"/><T34/><D34/><U5/><E122/><V56/><F129/><W130/><G118/><T92/><D3/><U131/><E131/><V15/><F73/><W128/><G71/><T68/><D119/><U62/><E132/><V90/><F69/><W115/><G115/><T84/><D78/><U109/><E5/><V70/><F70/><W99/><G121/><T86/><D68/><U10/><E62/><V113/><F31/><W65/><G65/><T91/><D66/><U46/><E100/><V63/><F95/><W54/><G32/><T117/><D117/><U36/><E10/><V134/><F134/><W43/><G6/><T17/><REACH who="0" step="1"/><D97/><REACH who="0" step="2"/><U22/><REACH who="1" step="1"/><E30/><REACH who="1" step="2"/><V0/><F28/><W2/><G29/><T41/><D41/><AGARI ba="0,2" hai="18,22,24,36,38,39,41,46,48,49,51,109,110,111" machi="41" ten="50,6400,0" yaku="1,1,2,1,14,1,53,0" doraHai="102" doraHaiUra="58" who="1" fromWho="0" sc="240,-64,240,84,250,0,250,0" /><INIT seed="1,0,0,3,5,124" ten="176,324,250,250" oya="1" hai0="20,30,111,96,13,125,134,7,132,104,25,72,131" hai1="48,95,71,119,17,29,4,109,88,23,51,135,114" hai2="84,91,1,79,74,98,69,38,100,94,53,57,115" hai3="97,120,26,59,80,110,22,58,122,130,49,55,32"/><U46/><E114/><V106/><F69/><W93/><G32/><T45/><D72/><U43/><E119/><V64/><F38/><W34/><G34/><T76/><D76/><U123/><E123/><V56/><F1/><W40/><G110/><T60/><D111/><U2/><E109/><V85/><F115/><W11/><G40/><T62/><D125/><U5/><E71/><V82/><F64/><W116/><G116/><T47/><D104/><U0/><E29/><V28/><F28/><W118/><G118/><T67/><D96/><U42/><E135/><N who="0" m="51753" /><D62/><U128/><E128/><V87/><REACH who="2" step="1"/><F57/><REACH who="2" step="2"/><W73/><G59/><T121/><D121/><U90/><E2/><V8/><F8/><W65/><G11/><N who="0" m="4351" /><D131/><U36/><E0/><V35/><F35/><W6/><G130/><T113/><D113/><U108/><E108/><V31/><F31/><W70/><G122/><T41/><D67/><U102/><E36/><V83/><F83/><W66/><G80/><T78/><D30/><U33/><E33/><V61/><AGARI ba="0,1" hai="53,56,61,74,79,82,84,85,87,91,94,98,100,106" machi="61" ten="20,12000,2" yaku="1,1,0,1,7,1,24,2,53,1" doraHai="124" doraHaiUra="101" who="2" fromWho="2" sc="176,-30,324,-60,240,130,250,-30" /><INIT seed="2,0,0,2,3,106" ten="146,264,370,220" oya="2" hai0="74,103,51,111,41,9,132,96,0,104,59,30,77" hai1="20,131,58,10,107,21,36,109,110,28,8,24,115" hai2="122,72,68,86,62,14,31,125,124,18,91,89,47" hai3="88,119,39,16,102,37,50,15,105,70,3,66,23"/><V76/><F122/><W97/><G119/><T35/><D111/><N who="1" m="42507" /><E107/><V2/><F2/><W133/><G3/><T92/><D132/><U108/><E36/><V90/><F31/><W34/><G133/><T98/><D30/><U79/><E115/><V120/><F120/><W114/><G114/><T126/><D35/><N who="1" m="20871" /><E58/><V134/><F134/><W116/><G116/><T85/><D126/><N who="2" m="48746" /><F47/><W101/><G34/><T95/><D0/><U27/><E108/><V84/><F62/><W7/><G7/><T26/><D26/><U45/><E45/><V49/><F49/><W6/><G6/><T56/><D9/><U42/><E42/><V64/><F64/><W80/><G102/><T17/><D17/><U128/><E79/><V12/><F68/><W61/><REACH who="3" step="1"/><G50/><REACH who="3" step="2"/><T1/><D51/><U32/><E32/><V71/><F14/><W19/><G19/><T60/><D1/><U93/><E27/><V129/><F18/><W33/><G33/><T127/><D127/><U53/><E131/><V22/><F129/><W112/><G112/><T48/><D48/><U54/><E128/><V38/><F12/><W82/><G82/><T63/><D103/><U83/><E83/><V11/><F38/><W94/><G94/><T5/><D95/><U44/><E93/><V118/><F118/><W69/><G69/><T29/><D92/><U46/><E10/><V4/><F4/><W113/><G113/><T52/><D104/><U75/><E8/><V40/><F11/><W121/><G121/><T43/><D5/><U117/><E117/><V73/><F22/><W67/><G67/><RYUUKYOKU ba="0,1" sc="146,-10,264,-10,370,-10,210,30" hai3="15,16,23,37,39,61,66,70,80,88,97,101,105" /><INIT seed="3,1,1,3,3,68" ten="136,254,360,240" oya="3" hai0="40,58,103,13,74,131,16,94,42,115,45,108,21" hai1="81,67,118,61,114,71,14,43,24,65,59,49,27" hai2="109,95,62,5,135,22,10,96,73,76,17,23,104" hai3="124,87,36,116,90,99,117,18,64,4,123,44,9"/><W52/><G123/><T133/><D74/><U41/><E114/><V35/><F104/><W19/><G124/><T134/><D115/><U8/><E118/><V72/><F35/><W3/><G64/><T11/><D108/><U1/><E1/><V125/><F109/><W86/><G99/><N who="0" m="59895" /><D131/><U2/><E2/><V38/><F135/><N who="0" m="51722" /><D58/><U29/><E41/><V79/><F73/><W84/><G90/><T69/><D69/><U110/><E110/><V30/><F72/><W106/><G106/><T56/><D56/><U26/><E81/><V113/><F113/><W70/><G70/><T75/><D75/><U20/><E67/><V63/><F63/><W97/><G97/><T25/><D45/><N who="1" m="25791" /><E71/><V28/><F62/><W128/><G128/><T46/><D46/><U102/><E102/><V33/><F96/><W88/><G44/><T39/><D39/><U91/><E91/><V93/><F125/><W127/><G88/><T77/><D77/><U34/><E34/><V89/><F33/><W119/><G36/><T121/><D121/><U54/><E65/><V82/><F38/><W85/><G127/><T92/><D92/><U0/><E59/><V57/><F57/><W105/><G105/><T6/><AGARI ba="1,1" hai="6,11,13,16,21,25,40,42" m="51722,59895" machi="6" ten="30,2000,0" yaku="20,1,54,1" doraHai="68" who="0" fromWho="0" sc="136,33,254,-6,360,-6,240,-11" /><INIT seed="4,0,0,2,4,76" ten="169,248,354,229" oya="0" hai0="94,50,33,69,119,133,43,25,111,35,132,68,102" hai1="44,120,72,18,86,19,79,54,38,10,12,0,45" hai2="24,28,82,127,123,46,39,73,75,57,22,104,52" hai3="92,121,80,49,36,47,58,115,32,98,124,41,64"/><T90/><D119/><U29/><E120/><V21/><F104/><W2/><G121/><T77/><D102/><U85/><E0/><V96/><F127/><W70/><G124/><T108/><D77/><U40/><E29/><V34/><F75/><W26/><G2/><T6/><D6/><U9/><E45/><V11/><F11/><W135/><G115/><T118/><D118/><U91/><E54/><V71/><F71/><N who="0" m="27210" /><D43/><U95/><E72/><V42/><F96/><W99/><G135/><N who="0" m="51787" /><D50/><U17/><REACH who="1" step="1"/><E10/><REACH who="1" step="2"/><V30/><F30/><W66/><G47/><T63/><D63/><U116/><E116/><V107/><F123/><W61/><G61/><T5/><D5/><U84/><E84/><V130/><F73/><W122/><G122/><T23/><D108/><U51/><E51/><V1/><F1/><W78/><G49/><T20/><D111/><U31/><E31/><V62/><F28/><W27/><G41/><T13/><D13/><U3/><E3/><V89/><F42/><W131/><G26/><T59/><D59/><U117/><E117/><V15/><F24/><W128/><G27/><T83/><D25/><U74/><E74/><V16/><F57/><W106/><G58/><T56/><D56/><U88/><E88/><V105/><F89/><W8/><G70/><T65/><D33/><U53/><E53/><V134/><F52/><W114/><G32/><T37/><D35/><U60/><E60/><V112/><F134/><W110/><G110/><T14/><D90/><U100/><E100/><V101/><F62/><W55/><G55/><T81/><D14/><RYUUKYOKU ba="0,1" sc="169,-10,238,30,354,-10,229,-10" hai1="9,12,17,18,19,38,40,44,79,85,86,91,95" /><INIT seed="5,1,1,4,1,95" ten="159,268,344,219" oya="1" hai0="52,29,115,81,102,120,11,48,50,73,131,71,126" hai1="72,86,109,31,22,99,1,15,97,26,80,83,104" hai2="17,13,98,114,121,36,9,101,130,96,91,113,125" hai3="119,111,122,74,127,53,129,2,89,124,65,75,12"/><U87/><E1/><V69/><F121/><W5/><G2/><T10/><D120/><U107/><E72/><V39/><F69/><W100/><G122/><T64/><D29/><U34/><E109/><V76/><F76/><W60/><G111/><T123/><D123/><U110/><E110/><V108/><F108/><W79/><G119/><T27/><D27/><U3/><E3/><V61/><F61/><W43/><G129/><T23/><D131/><U78/><E104/><N who="2" m="63527" /><F125/><W135/><G135/><T21/><D115/><N who="2" m="44042" /><F130/><W128/><G128/><T90/><D126/><U42/><E107/><V45/><F45/><W20/><G79/><T118/><D71/><U54/><E42/><V25/><F25/><W0/><G60/><T105/><D118/><U103/><E103/><V132/><F132/><W58/><G100/><T92/><D102/><U16/><E54/><V33/><F33/><W14/><G53/><T30/><D52/><U40/><E40/><V59/><F59/><W38/><G58/><T55/><D55/><U67/><E67/><V51/><F51/><W6/><G65/><T37/><D50/><U49/><E49/><V41/><F41/><W84/><G43/><T134/><D48/><U116/><E116/><V56/><F56/><W32/><G32/><T44/><D64/><U46/><E46/><V85/><F85/><W94/><G84/><T28/><D44/><U24/><E24/><V57/><F57/><W35/><G127/><T47/><D47/><U66/><E66/><V88/><F91/><AGARI ba="1,1" hai="15,16,22,26,31,34,78,80,83,86,87,91,97,99" machi="91" ten="30,11600,0" yaku="7,1,52,2,54,1" doraHai="95" who="1" fromWho="2" sc="159,0,268,129,344,-119,219,0" /><INIT seed="5,2,0,2,5,30" ten="159,397,225,219" oya="1" hai0="36,50,10,15,59,5,21,8,25,42,45,125,0" hai1="12,62,51,120,109,18,118,57,127,115,76,54,7" hai2="105,135,2,55,13,80,122,134,91,35,34,74,44" hai3="90,33,16,46,40,116,1,130,56,87,49,133,86"/><U110/><E118/><V41/><F122/><W82/><G116/><T68/><D125/><U126/><E120/><V95/><F2/><W113/><G1/><T47/><D68/><U66/><E76/><N who="2" m="44055" /><F105/><W98/><G98/><T128/><D128/><U72/><E72/><V81/><F55/><W24/><G130/><T117/><D117/><U94/><E7/><V88/><F13/><W100/><G100/><T27/><D59/><N who="1" m="37215" /><E115/><V32/><F81/><W31/><G113/><T84/><D21/><N who="1" m="11463" /><E94/><V119/><F95/><W19/><G133/><N who="2" m="50697" /><F119/><W93/><REACH who="3" step="1"/><G56/><REACH who="3" step="2"/><T58/><D58/><N who="1" m="33119" /><E126/><V48/><AGARI ba="2,1" hai="32,34,35,41,44,48,88,91" m="50697,44055" machi="48" ten="40,8000,1" yaku="20,1,52,3,54,1" doraHai="30" who="2" fromWho="2" sc="159,-22,397,-42,225,96,209,-22" /><INIT seed="6,0,0,2,0,79" ten="137,355,321,187" oya="2" hai0="133,123,121,76,1,39,20,95,74,34,36,82,109" hai1="103,92,0,12,90,114,135,67,21,49,7,6,3" hai2="23,51,29,127,27,125,91,64,47,73,48,22,62" hai3="63,68,106,113,57,65,120,50,30,9,42,87,24"/><V16/><F73/><W78/><G120/><T96/><D109/><U33/><E103/><V115/><F115/><W83/><G113/><T52/><D34/><U126/><E114/><V45/><F91/><W59/><G106/><T112/><D112/><U71/><E33/><V98/><F98/><W101/><G101/><T72/><D1/><U130/><E71/><V46/><F127/><W129/><G129/><T119/><D119/><U44/><E67/><V84/><F84/><W40/><G9/><T86/><D133/><U14/><E135/><V111/><F111/><W88/><G78/><T38/><D20/><U55/><E0/><V35/><F35/><W11/><G11/><T97/><D97/><U2/><E2/><V43/><F51/><W99/><G99/><T5/><D5/><U28/><E130/><V105/><F105/><W17/><G17/><T132/><D132/><U124/><E124/><V89/><F89/><BYE who="2" /><W75/><G75/><T100/><D74/><U70/><E70/><V102/><F102/><W10/><G10/><T8/><D8/><U60/><E7/><V108/><F108/><W117/><G117/><T61/><REACH who="0" step="1"/><D72/><REACH who="0" step="2"/><U69/><E6/><V80/><F80/><W81/><G81/><T41/><D41/><U4/><E4/><V19/><F19/><W37/><G42/><T15/><D15/><UN n2="%E6%AF%94%E5%98%89%E7%A7%80%E4%BB%81" /><U94/><E3/><V32/><F125/><W134/><G134/><T118/><D118/><U107/><E107/><V128/><F32/><W77/><G40/><T104/><D104/><U85/><E126/><V66/><F128/><W56/><G83/><RYUUKYOKU ba="0,1" sc="127,30,355,-10,321,-10,187,-10" hai0="36,38,39,52,61,76,82,86,95,96,100,121,123" /><INIT seed="7,1,1,0,1,115" ten="157,345,311,177" oya="3" hai0="27,21,65,14,117,45,89,97,3,13,102,129,130" hai1="121,77,48,43,63,66,99,134,118,47,51,7,37" hai2="39,93,41,53,9,25,90,95,64,131,119,79,73" hai3="20,31,44,76,101,57,78,112,28,113,10,4,49"/><W22/><G101/><T55/><D3/><U132/><E121/><V60/><F131/><N who="0" m="50186" /><D117/><U34/><E118/><V15/><F79/><W68/><G68/><T62/><D89/><U5/><E34/><V69/><F73/><W32/><G32/><T50/><D27/><U122/><E99/><V85/><F41/><W0/><G57/><N who="0" m="37071" /><D21/><U120/><E77/><N who="3" m="29802" /><G20/><T107/><AGARI ba="1,1" hai="13,14,45,50,55,97,102,107" m="37071,50186" machi="107" ten="30,1100,0" yaku="19,1" doraHai="115" who="0" fromWho="0" sc="157,24,345,-4,311,-4,177,-6" owari="181,-22,341,44,307,11,171,-33" /></mjloggm>