<mjloggm ver="2.3"><GO type="225"/><UN n0="%E3%83%9E%E3%83%84%E3%82%B6%E3%82%AD" n1="%E3%83%9C%E3%82%AB%E3%83%86%E3%83%B3" n2="%E3%81%B3%E3%82%8A%E3%81%B3%E3%82%8A%E2%98%86%E3%83%93%E3%83%AA%E3%83%BC" n3="%E5%8F%82%E7%B3%BB%E5%A4%A7%E6%9C%AC%E5%96%B6" dan="16,16,16,16" rate="2061,2041,2150,2128" sx="M,M,M,M"/><TAIKYOKU oya="0"/><INIT seed="0,0,0,4,3,39" ten="250,250,250,250" oya="0" hai0="16,8,9,55,129,111,77,14,119,126,132,2,4" hai1="128,65,13,10,100,44,38,41,0,112,92,108,118" hai2="109,72,116,93,12,57,78,135,102,63,76,29,106" hai3="18,67,82,52,35,3,69,107,71,104,40,127,115"/><T47/><D119/><U60/><E0/><V95/><F109/><W79/><G115/><T30/><D126/><U96/><E108/><V64/><F135/><W11/><G35/><T32/><D111/><U6/><E112/><V31/><F106/><W34/><G34/><T117/><D117/><U1/><E1/><V53/><F72/><W121/><G121/><T97/><D132/><U73/><E118/><V54/><F12/><W87/><G127/><T75/><D129/><U45/><E73/><V70/><F70/><W85/><G85/><T48/><D97/><U46/><REACH who="1" step="1"/><E128/><REACH who="1" step="2"/><V83/><F116/><W22/><G71/><AGARI ba="0,1" hai="6,10,13,38,41,44,45,46,60,65,71,92,96,100" machi="71" ten="30,7700,0" yaku="1,1,2,1,7,1,52,1,53,0" doraHai="39" doraHaiUra="17" who="1" fromWho="3" sc="250,0,240,87,250,0,250,-77" /><INIT seed="1,0,0,1,2,46" ten="250,327,250,173" oya="1" hai0="37,119,115,113,54,0,129,69,114,53,40,73,82" hai1="84,77,116,130,92,93,81,98,109,121,55,80,120" hai2="10,27,110,95,44,134,33,131,68,64,62,36,7" hai3="132,105,34,111,31,21,30,70,32,6,20,128,24"/><U58/><E116/><V5/><F110/><W51/><G70/><T99/><D0/><U87/><E109/><V78/><F131/><W17/><G105/><T90/><D119/><U117/><E117/><V4/><F134/><W88/><G111/><T96/><D129/><U123/><E130/><V76/><F95/><W49/><G128/><T16/><D69/><U103/><E58/><V1/><F78/><W45/><G132/><T94/><D99/><U61/><E55/><V107/><F107/><W85/><G6/><T35/><D35/><U48/><E61/><V2/><F2/><W18/><G32/><T47/><D73/><U28/><E28/><N who="3" m="10794" /><G45/><T22/><REACH who="0" step="1"/><D82/><REACH who="0" step="2"/><U66/><E93/><V122/><F33/><W38/><G34/><T75/><D75/><U43/><E123/><V97/><F122/><W56/><G38/><T25/><AGARI ba="0,1" hai="16,22,25,37,40,47,53,54,90,94,96,113,114,115" machi="25" ten="30,4000,0" yaku="1,1,0,1,54,1,53,0" doraHai="46" doraHaiUra="72" who="0" fromWho="0" sc="240,50,327,-20,250,-10,173,-10" /><INIT seed="2,0,0,1,2,43" ten="290,307,240,163" oya="2" hai0="49,18,101,90,55,102,9,97,36,98,53,113,78" hai1="69,81,50,34,71,20,58,110,108,112,21,66,24" hai2="93,85,82,45,126,84,0,10,109,27,80,19,77" hai3="88,83,105,106,117,132,1,42,52,124,86,123,114"/><V41/><F126/><W30/><G123/><T68/><D36/><U87/><E112/><V128/><F128/><W6/><G117/><T134/><D68/><U60/><E34/><V111/><F93/><W73/><G124/><T122/><D122/><U33/><E33/><V72/><F27/><W94/><G132/><T47/><D113/><U89/><E20/><V62/><F62/><W75/><G114/><T129/><D129/><U23/><E23/><V79/><F72/><W127/><G127/><T119/><D119/><U11/><E11/><V130/><F130/><W37/><G30/><T133/><D78/><U100/><E100/><N who="0" m="38505" /><D90/><U70/><REACH who="1" step="1"/><E50/><REACH who="1" step="2"/><V26/><F26/><W2/><G106/><T56/><D133/><U44/><E44/><V65/><F65/><W96/><G105/><T57/><D134/><U135/><E135/><V39/><REACH who="2" step="1"/><F19/><AGARI ba="0,1" hai="19,21,24,58,60,66,69,70,71,81,87,89,108,110" machi="19" ten="40,5200,0" yaku="1,1,53,2" doraHai="43" doraHaiUra="121" who="1" fromWho="2" sc="290,0,297,62,240,-52,163,0" /><INIT seed="3,0,0,3,2,3" ten="290,359,188,163" oya="3" hai0="74,35,121,128,126,110,69,83,131,109,81,127,103" hai1="99,32,58,14,108,54,119,122,23,25,82,17,89" hai2="101,114,20,43,40,90,98,105,6,37,33,94,38" hai3="10,31,9,84,34,21,123,76,22,11,112,57,118"/><W52/><G123/><T107/><D35/><U51/><E122/><V130/><F114/><W93/><G118/><T100/><D69/><U45/><E119/><V87/><F33/><W63/><G112/><T53/><D53/><U75/><E75/><V68/><F68/><W50/><G34/><T115/><D121/><U56/><E108/><N who="0" m="41577" /><D115/><U125/><E125/><N who="0" m="47625" /><D74/><U16/><E32/><V39/><F40/><W134/><G134/><T13/><D13/><U12/><E12/><V42/><F43/><W27/><G22/><T72/><D72/><U62/><E62/><V49/><F20/><W67/><G76/><T64/><D64/><U5/><E5/><V78/><F6/><W124/><G124/><T71/><D71/><U60/><E60/><V96/><F39/><W4/><G84/><T26/><D26/><U97/><E45/><V91/><F38/><W120/><G93/><T88/><D107/><U133/><E58/><V29/><F105/><W15/><REACH who="3" step="1"/><G120/><REACH who="3" step="2"/><T70/><D81/><U30/><E133/><V79/><F94/><W46/><AGARI ba="0,1" hai="4,9,10,11,15,21,27,31,46,50,52,57,63,67" machi="46" ten="20,18000,2" yaku="1,1,2,1,0,1,7,1,8,1,52,1,54,1,53,0" doraHai="3" doraHaiUra="73" who="3" fromWho="3" sc="290,-60,359,-60,188,-60,153,190" owari="230,-17,299,10,128,-37,343,44" /></mjloggm>