<mjloggm ver="2.3"><GO type="225"/><UN n0="%E3%81%B4%E3%83%BC%E3%81%99%E3%81%91%E3%81%95%E3%82%93" n1="%E5%94%90%E6%8F%9A%E5%A4%A7%E5%A5%BD%E3%81%8D" n2="%E6%9C%AC%E7%89%A9%E5%A5%B3%E5%AD%90%E9%AB%98%E7%94%9F" n3="%E8%88%9E%E3%81%84%E9%99%8D%E3%82%8A%E3%81%9F%E8%BD%9F" dan="16,16,17,17" rate="2106,2064,2092,2066" sx="F,M,F,M"/><TAIKYOKU oya="0"/><INIT seed="0,0,0,1,1,24" ten="250,250,250,250" oya="0" hai0="12,83,40,15,74,110,8,95,130,70,92,31,55" hai1="96,0,21,129,45,78,28,53,97,94,33,107,114" hai2="112,73,80,128,132,57,41,122,39,58,135,72,113" hai3="46,66,5,10,108,120,61,102,20,6,99,4,115"/><T34/><D70/><U23/><E0/><V43/><F122/><W134/><G115/><N who="2" m="44105" /><F80/><W71/><G120/><T124/><D124/><U3/><E114/><V106/><F39/><W44/><G108/><T9/><D40/><N who="2" m="15434" /><F106/><W75/><G75/><N who="2" m="28745" /><F128/><W111/><G111/><T18/><D130/><U84/><E3/><V100/><F100/><W105/><G134/><AGARI ba="0,0" hai="57,58,132,134,135" m="28745,15434,44105" machi="134" ten="40,5200,0" yaku="28,2,20,1" doraHai="24" who="2" fromWho="3" sc="250,0,250,0,250,52,250,-52" /><INIT seed="1,0,0,3,4,7" ten="250,250,302,198" oya="1" hai0="65,10,13,70,26,2,43,58,69,59,48,54,103" hai1="31,132,99,47,73,88,8,39,35,72,11,18,36" hai2="0,76,63,19,38,29,56,40,32,128,117,105,71" hai3="3,111,49,102,104,135,81,50,80,110,90,30,129"/><U106/><E132/><V52/><F117/><W41/><G135/><T14/><D43/><U127/><E127/><V21/><F105/><W34/><G129/><T123/><D123/><U87/><E35/><V94/><F0/><W66/><G66/><T91/><D103/><U108/><E31/><V37/><F76/><W77/><G90/><T78/><D78/><U60/><E60/><V84/><F128/><W61/><G61/><T75/><D75/><U118/><E118/><V74/><F74/><W1/><G34/><T51/><D26/><U53/><E108/><N who="3" m="41514" /><G30/><T9/><D2/><N who="3" m="521" /><G41/><T23/><D23/><U122/><E122/><V20/><F40/><W124/><G124/><T109/><D109/><U68/><E68/><V119/><F71/><W64/><G64/><T133/><D133/><U125/><E125/><V24/><F20/><W45/><G45/><T33/><D33/><U6/><E72/><V17/><F32/><W89/><G89/><T113/><D91/><U42/><E73/><V15/><F29/><W57/><G77/><T97/><D65/><U131/><E131/><V4/><F63/><W28/><G28/><T12/><D97/><U95/><E36/><V67/><F37/><W101/><G104/><T114/><D14/><N who="1" m="5399" /><E53/><AGARI ba="0,0" hai="9,10,12,13,48,51,53,54,58,59,69,70,113,114" machi="53" ten="25,6400,0" yaku="22,2,52,2" doraHai="7" who="0" fromWho="1" sc="250,64,250,-64,302,0,198,0" /><INIT seed="2,0,0,1,3,103" ten="314,186,302,198" oya="2" hai0="77,130,10,109,25,92,121,133,19,46,59,56,30" hai1="4,107,9,88,99,110,55,64,13,67,12,14,34" hai2="48,17,22,75,15,94,23,91,71,80,68,65,37" hai3="47,39,86,2,84,102,101,54,105,24,62,129,127"/><V135/><F37/><W16/><G2/><T70/><D121/><U134/><E34/><V61/><F135/><W126/><G129/><T57/><D70/><U1/><E134/><V113/><F113/><W58/><G39/><T29/><D133/><U76/><E76/><V60/><F48/><W36/><G36/><T131/><D109/><U11/><E110/><V81/><F75/><W21/><G47/><T51/><D77/><U26/><E26/><V45/><F45/><W128/><G128/><N who="0" m="49195" /><D92/><U32/><E32/><V33/><F33/><W117/><G117/><T120/><D120/><U124/><E124/><N who="3" m="47658" /><G101/><T8/><D19/><U38/><E38/><V74/><F74/><W123/><G123/><T90/><D90/><U43/><E43/><V83/><F22/><W98/><AGARI ba="0,0" hai="16,21,24,54,58,62,84,86,98,102,105" m="47658" machi="98" ten="30,4000,0" yaku="18,1,52,1,54,1" doraHai="103" who="3" fromWho="3" sc="314,-10,186,-10,302,-20,198,40" /><INIT seed="3,0,0,0,5,42" ten="304,176,282,238" oya="3" hai0="135,33,25,67,51,111,117,15,12,109,55,106,22" hai1="96,64,30,57,74,134,52,10,24,131,71,84,89" hai2="41,127,61,104,72,116,112,3,132,38,0,6,13" hai3="121,105,16,79,21,73,129,28,126,114,50,94,110"/><W133/><G121/><T43/><D117/><U5/><E74/><V78/><F13/><W123/><G123/><T53/><D106/><U115/><E115/><V4/><F4/><W49/><G114/><T47/><D135/><U124/><E134/><V99/><F112/><W88/><G88/><T122/><D122/><U48/><E124/><V77/><F77/><W36/><G36/><T31/><D67/><U29/><E131/><V113/><F132/><W108/><G133/><T54/><D33/><U66/><E96/><V91/><F61/><W97/><G105/><T90/><D90/><U85/><E85/><V19/><F19/><W102/><G28/><T125/><D125/><U68/><E68/><V59/><F91/><W39/><G39/><T100/><D100/><U63/><E64/><V80/><F116/><W58/><G58/><T119/><D119/><U130/><E24/><V44/><F59/><W65/><G65/><T46/><D46/><U62/><E62/><V87/><F87/><W98/><G126/><T76/><D76/><U70/><E70/><V35/><F127/><W45/><G98/><T75/><D75/><U128/><E128/><V60/><F60/><W18/><G129/><T17/><D31/><U27/><E27/><V120/><F120/><W37/><G73/><T82/><D82/><N who="1" m="49303" /><E130/><V95/><F113/><W32/><G79/><T93/><D93/><U23/><E23/><V83/><F83/><W92/><G21/><T101/><D101/><U9/><E9/><N who="2" m="2247" /><F104/><W20/><G102/><T26/><D26/><U14/><E71/><V103/><F35/><RYUUKYOKU ba="0,0" sc="304,10,176,10,282,10,238,-30" hai0="12,15,17,22,25,43,47,51,53,54,55,109,111" hai1="5,10,14,29,30,48,52,57,63,66" hai2="3,38,41,44,72,78,80,95,99,103" owari="314,41,186,-31,292,9,208,-19" /></mjloggm>