<mjloggm ver="2.3"><GO type="225"/><UN n0="%E9%85%8D%E5%9B%9E%E9%99%8D%E6%B5%81" n1="%61%6C%75%63%61%72%64" n2="%E3%81%B3%E3%82%8A%E3%81%B3%E3%82%8A%E2%98%86%E3%83%93%E3%83%AA%E3%83%BC" n3="%E9%9D%92%E5%B1%B1%E5%AD%A6%E9%99%A2%EF%BC%94%E5%B9%B4" dan="16,16,16,17" rate="2099,2086,2141,2063" sx="M,M,M,F"/><TAIKYOKU oya="0"/><INIT seed="0,0,0,4,4,39" ten="250,250,250,250" oya="0" hai0="26,79,71,121,12,47,43,68,13,49,78,25,81" hai1="105,75,61,41,101,14,134,73,89,29,9,21,58" hai2="135,62,91,67,31,108,18,123,56,38,132,48,55" hai3="44,126,52,125,133,6,113,51,24,40,64,115,86"/><T72/><D121/><U110/><E110/><V28/><F123/><W35/><G6/><T107/><D107/><U1/><E1/><V127/><F108/><W93/><G133/><N who="2" m="51273" /><F38/><W70/><G86/><T45/><D79/><U92/><E134/><V36/><F36/><N who="3" m="21511" /><G93/><T57/><D57/><U83/><E101/><V111/><F111/><W128/><G24/><T124/><D124/><N who="3" m="47721" /><G35/><T87/><D72/><U15/><E105/><V103/><F103/><W85/><G85/><T8/><D47/><U109/><E109/><V53/><F91/><W22/><G22/><T77/><D77/><U65/><E83/><V102/><F102/><W76/><G76/><T59/><D59/><U94/><E75/><V69/><F18/><W98/><G98/><T104/><D104/><U84/><E73/><V129/><F127/><W23/><G23/><T11/><D71/><U34/><E94/><V33/><F33/><W90/><G90/><T88/><D68/><U4/><E34/><V32/><F32/><W5/><G5/><N who="0" m="3087" /><D88/><U3/><E3/><V2/><F2/><W37/><G37/><T106/><D106/><U116/><E89/><V63/><F31/><W60/><G128/><T54/><D54/><U20/><E29/><V74/><F28/><W114/><G115/><T120/><D120/><U80/><E92/><V42/><F74/><W46/><AGARI ba="0,0" hai="46,51,52,60,64,70,113,114" m="47721,21511" machi="46" ten="30,8000,1" yaku="18,1,34,2,52,1,54,1" doraHai="39" who="3" fromWho="3" sc="250,-40,250,-20,250,-20,250,80" /><INIT seed="1,0,0,0,3,30" ten="210,230,230,330" oya="1" hai0="128,130,111,28,3,51,90,33,41,21,50,124,71" hai1="119,70,0,45,49,20,91,103,85,18,122,29,105" hai2="120,84,42,100,74,36,16,108,83,5,44,104,126" hai3="25,68,35,75,92,38,109,80,12,6,52,67,115"/><U53/><E70/><V56/><F120/><W9/><G38/><T58/><D71/><U14/><E122/><V27/><F74/><W32/><G115/><T81/><D3/><U106/><E119/><V22/><F108/><W48/><G109/><T63/><D111/><U96/><E0/><V88/><F5/><W79/><G25/><N who="0" m="18575" /><D21/><U110/><E110/><V77/><F126/><W2/><G2/><T1/><D1/><U97/><E29/><V34/><F34/><W46/><REACH who="3" step="1"/><G92/><REACH who="3" step="2"/><T102/><D124/><U129/><E129/><V112/><F112/><W131/><G131/><T10/><D128/><U116/><E116/><V135/><F27/><W4/><G4/><T31/><D130/><U54/><E106/><V132/><F36/><W26/><G26/><T107/><D107/><U23/><E105/><V101/><F104/><W13/><G13/><T86/><D31/><U134/><E14/><V93/><F93/><W66/><G66/><T95/><D95/><U82/><E134/><V40/><F135/><W65/><G65/><T39/><D39/><U125/><E125/><V55/><F132/><W57/><G57/><T87/><D58/><U121/><E121/><V69/><F56/><W113/><G113/><T89/><D81/><U7/><E7/><V17/><F83/><W98/><G98/><T72/><D10/><U94/><E97/><V64/><F64/><W133/><G133/><T15/><D15/><U19/><E18/><V78/><F16/><W11/><G11/><T8/><D8/><U99/><E19/><V60/><F17/><W24/><G24/><RYUUKYOKU ba="0,1" sc="210,-10,230,-10,230,-10,320,30" hai3="6,9,12,32,35,46,48,52,67,68,75,79,80" /><INIT seed="2,1,1,0,1,108" ten="200,220,220,350" oya="2" hai0="77,40,14,45,46,32,39,68,111,75,91,97,112" hai1="23,17,53,95,131,38,60,127,29,80,85,134,86" hai2="5,61,128,34,18,87,82,126,55,81,30,48,58" hai3="12,65,114,28,35,13,3,31,74,135,36,132,15"/><V33/><F128/><W0/><G74/><T78/><D68/><U125/><E38/><V59/><F126/><N who="1" m="48137" /><E134/><N who="3" m="51242" /><G36/><T50/><D111/><U54/><E29/><N who="3" m="11338" /><G65/><T21/><D32/><U115/><E115/><V16/><F34/><W110/><G110/><T98/><D112/><U76/><E60/><V25/><F5/><W129/><G35/><T94/><D98/><U83/><E95/><V11/><F11/><W70/><G70/><T71/><D71/><U123/><E123/><V51/><F82/><W26/><G114/><T90/><D75/><U104/><E104/><V73/><F73/><W6/><G129/><T122/><D122/><U19/><E131/><V66/><REACH who="2" step="1"/><F48/><REACH who="2" step="2"/><W47/><G6/><T24/><D39/><U101/><E83/><V102/><F102/><W56/><G0/><T103/><D50/><U10/><E101/><V120/><F120/><W124/><G3/><T43/><D103/><U130/><E130/><V37/><F37/><W49/><G124/><T57/><D21/><U1/><E23/><V92/><F92/><W67/><G49/><T116/><D94/><U7/><E80/><V27/><F27/><W8/><G26/><T52/><D24/><U84/><E76/><AGARI ba="1,2" hai="16,18,25,30,33,51,55,58,59,61,66,76,81,87" machi="76" ten="30,5800,0" yaku="1,1,7,1,54,1,53,0" doraHai="108" doraHaiUra="64" who="2" fromWho="1" sc="200,0,220,-61,210,81,350,0" /><INIT seed="2,2,0,0,2,27" ten="200,159,291,350" oya="2" hai0="105,97,10,5,124,4,112,42,52,50,6,98,132" hai1="89,103,17,100,63,134,65,21,12,75,51,30,110" hai2="55,32,1,78,36,121,67,16,92,0,41,69,22" hai3="104,101,77,135,49,118,47,62,7,46,58,9,126"/><V120/><F32/><W123/><G123/><T79/><D112/><U119/><E75/><V45/><F78/><W102/><G118/><T48/><D105/><U72/><E119/><V99/><F121/><W87/><G126/><T115/><D115/><U108/><E72/><V59/><F67/><W33/><G33/><T96/><D124/><U90/><E134/><V34/><F34/><W128/><G128/><T106/><D132/><U31/><E51/><V3/><F69/><W53/><G135/><T116/><D106/><U38/><E38/><V94/><F120/><W28/><G28/><N who="1" m="10794" /><E103/><N who="3" m="39434" /><G104/><T14/><D116/><U117/><E100/><V56/><F99/><W93/><G49/><T2/><D2/><U24/><E24/><V122/><F122/><W82/><G93/><T25/><D25/><U80/><E80/><V18/><F36/><W70/><G70/><T11/><D79/><U86/><E86/><V39/><F39/><W19/><G7/><T131/><D131/><U114/><E114/><V43/><F3/><W107/><G107/><T23/><D42/><U88/><E117/><V83/><F83/><W20/><G9/><N who="0" m="3083" /><D52/><U84/><E84/><V26/><F55/><W60/><G60/><T35/><D35/><U54/><E54/><V76/><F26/><AGARI ba="2,0" hai="19,20,26,46,47,53,58,62,77,82,87" m="39434" machi="26" ten="30,1000,0" yaku="8,1" doraHai="27" who="3" fromWho="2" sc="200,0,159,0,291,-16,350,16" /><INIT seed="3,0,0,2,1,49" ten="200,159,275,366" oya="3" hai0="23,109,132,2,65,17,102,0,54,35,122,130,44" hai1="33,64,98,127,128,19,67,38,56,51,41,6,106" hai2="97,32,91,46,7,18,79,92,39,100,13,29,3" hai3="47,24,80,96,52,5,110,93,84,99,104,50,86"/><W70/><G70/><T31/><D122/><U20/><E33/><V60/><F79/><W107/><G110/><T134/><D109/><U40/><E128/><V59/><F39/><W108/><G108/><T90/><D130/><U42/><E127/><V114/><F46/><W8/><G24/><N who="0" m="18919" /><D65/><N who="1" m="25163" /><E38/><V117/><F114/><W116/><G116/><T94/><D102/><U77/><E106/><V83/><F29/><W76/><G86/><N who="0" m="52567" /><D44/><U74/><E74/><V27/><F32/><W63/><G63/><T16/><D54/><N who="1" m="31839" /><E77/><V1/><F1/><N who="0" m="618" /><D23/><U131/><E131/><V22/><F3/><W55/><G55/><T21/><D21/><U78/><E78/><V9/><F117/><W113/><G113/><T45/><D45/><U12/><E6/><V26/><F26/><W36/><G36/><T69/><D69/><U81/><E81/><V57/><F60/><W87/><G84/><AGARI ba="0,0" hai="7,9,13,18,22,27,57,59,83,84,91,92,97,100" machi="84" ten="40,1300,0" yaku="8,1" doraHai="49" who="2" fromWho="3" sc="200,0,159,0,275,13,366,-13" owari="200,-20,159,-34,288,9,353,45" /></mjloggm>