<mjloggm ver="2.3"><GO type="225"/><UN n0="%E3%81%B3%E3%82%8A%E3%81%B3%E3%82%8A%E2%98%86%E3%83%93%E3%83%AA%E3%83%BC" n1="%E3%83%98%E3%83%9C%EF%BC%A0%E6%9D%B1%E9%A2%A8" n2="%72%61%72%61%70%70%65" n3="%61%61%33%31%39%33" dan="16,16,16,16" rate="2166,2089,2149,2121" sx="M,M,M,F"/><TAIKYOKU oya="0"/><INIT seed="0,0,0,0,3,62" ten="250,250,250,250" oya="0" hai0="98,68,23,104,30,22,105,131,20,95,94,99,69" hai1="82,47,92,15,56,106,28,49,13,129,72,29,18" hai2="100,96,107,73,57,116,91,79,78,67,89,39,21" hai3="112,65,45,102,88,38,111,71,75,135,41,90,16"/><T126/><D131/><U123/><E106/><N who="0" m="41065" /><D30/><U40/><E129/><V4/><F39/><W37/><G112/><T58/><D58/><U108/><E108/><V51/><F4/><W132/><G111/><T114/><D114/><U118/><E118/><V35/><F35/><W34/><G38/><T64/><D64/><U85/><E123/><V81/><F116/><W120/><G102/><T1/><D1/><U11/><E72/><V31/><F31/><W7/><G120/><T122/><D122/><U66/><E92/><N who="0" m="35369" /><D126/><U54/><E15/><V74/><F21/><W103/><G34/><T121/><D121/><U24/><E24/><V60/><F51/><N who="3" m="27055" /><G65/><T50/><D50/><N who="1" m="26983" /><E66/><V128/><F128/><W26/><G37/><T130/><D130/><U44/><E56/><V0/><F0/><W14/><G71/><AGARI ba="0,0" hai="20,22,23,68,69,71,98,99" m="35369,41065" machi="71" ten="40,3900,0" yaku="28,2" doraHai="62" who="0" fromWho="3" sc="250,39,250,0,250,0,250,-39" /><INIT seed="0,1,0,5,1,67" ten="289,250,250,211" oya="0" hai0="39,74,21,76,50,30,105,72,61,75,44,133,43" hai1="71,19,112,120,65,110,68,89,46,127,31,103,41" hai2="53,0,96,78,126,10,6,119,66,34,88,27,42" hai3="63,95,49,108,79,92,8,24,131,13,98,77,35"/><T37/><D105/><U94/><E120/><V118/><F42/><W59/><G108/><T20/><D133/><U2/><E110/><V48/><F78/><W99/><G131/><T109/><D109/><U106/><E127/><V14/><F66/><W87/><G35/><T9/><D76/><U45/><E2/><V40/><F40/><W123/><G123/><T26/><D9/><U54/><E112/><V60/><F60/><W114/><G114/><T17/><REACH who="0" step="1"/><D61/><REACH who="0" step="2"/><U125/><E106/><V62/><F62/><W121/><G63/><T82/><D82/><U55/><E65/><V47/><F126/><W117/><G79/><T7/><D7/><U113/><E125/><V5/><F5/><N who="3" m="3215" /><G121/><T57/><D57/><U38/><E113/><V86/><F0/><W115/><G115/><T116/><D116/><U97/><E94/><V135/><F135/><W100/><G117/><T130/><D130/><U104/><E104/><V101/><F118/><W111/><G111/><T124/><D124/><U1/><E1/><V81/><F119/><W83/><G59/><T3/><D3/><U51/><E46/><V70/><F6/><W107/><G107/><T25/><AGARI ba="1,1" hai="17,20,21,25,26,30,37,39,43,44,50,72,74,75" machi="25" ten="40,3900,0" yaku="1,1,0,1,53,0" doraHai="67" doraHaiUra="52" who="0" fromWho="0" sc="279,52,250,-14,250,-14,211,-14" /><INIT seed="0,2,0,4,0,129" ten="331,236,236,197" oya="0" hai0="57,34,78,92,55,51,0,17,81,15,27,31,103" hai1="25,4,133,97,86,28,110,75,109,59,121,24,54" hai2="38,29,94,90,8,91,20,69,14,11,19,45,118" hai3="52,30,48,67,36,126,33,32,23,112,100,70,7"/><T116/><D116/><U88/><E75/><V120/><F69/><W13/><G112/><T82/><D0/><U127/><E121/><V117/><F120/><W107/><G36/><T61/><D78/><U98/><E127/><V39/><F91/><W3/><G126/><T37/><D37/><N who="2" m="13834" /><F45/><W6/><G3/><T128/><D128/><U122/><E4/><V132/><F29/><W134/><G13/><T135/><D135/><U74/><E74/><V124/><F124/><W64/><G23/><T65/><D92/><N who="1" m="54295" /><E133/><V16/><F19/><W66/><G134/><T125/><D103/><U9/><E9/><V76/><F76/><W68/><G7/><T80/><D125/><U63/><E122/><V96/><F132/><W84/><G6/><T21/><REACH who="0" step="1"/><D81/><REACH who="0" step="2"/><U47/><E109/><V106/><F106/><W111/><G107/><T18/><D18/><U1/><E1/><V99/><F16/><W95/><G100/><T46/><AGARI ba="2,1" hai="15,17,21,27,31,34,46,51,55,57,61,65,80,82" machi="46" ten="20,3900,0" yaku="1,1,0,1,7,1,53,0" doraHai="129" doraHaiUra="108" who="0" fromWho="0" sc="321,55,236,-15,236,-15,197,-15" /><INIT seed="0,3,0,1,1,79" ten="376,221,221,182" oya="0" hai0="99,18,33,39,62,38,23,73,65,0,80,69,17" hai1="132,129,101,96,55,45,88,49,31,127,95,3,63" hai2="52,102,30,34,24,32,36,14,13,86,8,46,126" hai3="71,109,27,43,66,26,110,113,98,115,108,119,111"/><T42/><D33/><U116/><E116/><V40/><F126/><W1/><N who="3" m="28160" /><DORA hai="48" /><W74/><G119/><T50/><D0/><U91/><E127/><V76/><F102/><W121/><G1/><T114/><D114/><N who="3" m="43529" /><G74/><T67/><D67/><U123/><E123/><V51/><F34/><W21/><G121/><T29/><D29/><U118/><E118/><V87/><F76/><W85/><G43/><T90/><D73/><U53/><E132/><V47/><REACH who="2" step="1"/><F14/><REACH who="2" step="2"/><W10/><G10/><T41/><D23/><U15/><E3/><V89/><F89/><N who="1" m="34377" /><E129/><V78/><F78/><W56/><G98/><T117/><D99/><U4/><E31/><V75/><F75/><W82/><G21/><T22/><D22/><U130/><E130/><V81/><F81/><W133/><G133/><T83/><D80/><U106/><E106/><V25/><F25/><N who="3" m="9227" /><G71/><T72/><D117/><U59/><E15/><V2/><F2/><W9/><G9/><T131/><D72/><U5/><AGARI ba="3,1" hai="4,5,45,49,53,55,59,63,95,96,101" m="34377" machi="5" ten="30,7900,0" yaku="8,1,52,2,54,1" doraHai="79,48" who="1" fromWho="1" sc="376,-42,221,98,211,-23,182,-23" /><INIT seed="1,0,0,0,3,93" ten="334,319,188,159" oya="1" hai0="52,32,123,30,135,20,96,83,101,68,7,64,49" hai1="63,38,62,44,9,37,94,133,17,61,40,103,1" hai2="102,89,132,76,48,91,120,13,82,47,126,131,56" hai3="11,112,8,106,108,109,134,130,60,29,58,111,45"/><U78/><E133/><V39/><F120/><W127/><G112/><T110/><D110/><U79/><E38/><V98/><F39/><W74/><G134/><T14/><D135/><U70/><E70/><V16/><F132/><W81/><G106/><T87/><D32/><U71/><E71/><V28/><F28/><W6/><G127/><T85/><D123/><U41/><E41/><V113/><F126/><W22/><G130/><T23/><D64/><U12/><REACH who="1" step="1"/><E1/><REACH who="1" step="2"/><V5/><F131/><W75/><G111/><T21/><D68/><U121/><E121/><V42/><F113/><W66/><G109/><T25/><D30/><U19/><E19/><V128/><F128/><W36/><G29/><T0/><D0/><U73/><E73/><V27/><F5/><W57/><G6/><T90/><D7/><U115/><E115/><V54/><F27/><W34/><G74/><T46/><D25/><U31/><E31/><V122/><F122/><W10/><G108/><T43/><D43/><U80/><E80/><V119/><F119/><W107/><G34/><T72/><D72/><U77/><E77/><V53/><F42/><N who="3" m="22727" /><G75/><T118/><D118/><U105/><E105/><V124/><F124/><W24/><G107/><N who="0" m="63911" /><D14/><U65/><E65/><V92/><F16/><N who="3" m="12359" /><G81/><T84/><D83/><U114/><E114/><V35/><F13/><W88/><G88/><T67/><D90/><U95/><E95/><V99/><F35/><W69/><G69/><T26/><D26/><U116/><E116/><V4/><F4/><W129/><G129/><T18/><D18/><U33/><E33/><RYUUKYOKU ba="0,1" sc="334,10,309,10,188,-30,159,10" hai0="20,21,23,46,49,52,67,84,85,87" hai1="9,12,17,37,40,44,61,62,63,78,79,94,103" hai3="8,10,11,57,58,60,66" /><INIT seed="1,1,1,5,3,63" ten="344,319,158,169" oya="1" hai0="97,85,112,79,64,30,114,13,100,61,28,76,80" hai1="38,91,42,127,17,50,123,46,90,9,121,116,29" hai2="135,26,115,78,104,109,21,59,133,55,117,82,101" hai3="15,103,106,66,18,37,88,62,3,0,124,31,130"/><U89/><E116/><V87/><F117/><W119/><G119/><T134/><D134/><N who="2" m="51210" /><F115/><W84/><G37/><T54/><D112/><U11/><E127/><V131/><F109/><W99/><G124/><T35/><D114/><U12/><E29/><N who="2" m="17615" /><F131/><W94/><G130/><T56/><D79/><U53/><REACH who="1" step="1"/><E9/><REACH who="1" step="2"/><V1/><F1/><W71/><G31/><T49/><D35/><U73/><E73/><V32/><F32/><W68/><G68/><T7/><D28/><U27/><E27/><V24/><F24/><W45/><G45/><AGARI ba="1,2" hai="11,12,17,38,42,45,46,50,53,89,90,91,121,123" machi="45" ten="40,2000,0" yaku="1,1,53,0" doraHai="63" doraHaiUra="108" who="1" fromWho="3" sc="344,0,309,43,158,0,169,-23" /><INIT seed="1,2,0,0,1,68" ten="344,352,158,146" oya="1" hai0="129,38,74,135,116,40,56,44,72,110,130,37,65" hai1="99,80,36,73,85,103,2,115,69,122,18,87,81" hai2="11,124,132,79,114,109,21,45,107,127,32,93,29" hai3="111,86,75,50,4,67,76,100,95,31,3,25,101"/><U39/><E115/><V70/><F107/><W57/><G3/><T108/><D116/><U41/><E122/><V102/><F70/><W71/><G71/><T104/><D104/><U19/><E69/><V42/><F32/><W118/><G111/><N who="0" m="42539" /><D135/><U7/><E73/><N who="0" m="28265" /><D65/><U12/><E2/><V125/><F79/><W53/><G118/><T83/><D83/><U13/><E7/><V51/><F114/><W10/><G75/><T23/><D56/><U52/><E52/><N who="2" m="29807" /><F109/><W121/><G67/><T24/><D38/><U84/><E41/><V48/><F132/><W5/><G121/><T55/><D55/><U117/><E117/><V82/><F82/><N who="1" m="31849" /><E99/><N who="2" m="59759" /><F48/><W105/><G76/><T1/><D1/><U133/><E103/><N who="3" m="39498" /><G10/><T46/><D46/><U126/><E133/><V30/><F42/><W62/><G50/><T131/><D130/><U90/><E90/><V77/><F77/><W113/><G105/><T33/><D33/><U47/><E47/><V60/><F60/><W16/><G113/><T6/><D6/><U58/><E58/><V35/><F35/><W112/><G112/><T54/><D54/><U64/><E64/><V0/><F21/><N who="3" m="13479" /><G31/><AGARI ba="2,0" hai="23,24,31,37,40,44,129,131" m="28265,42539" machi="31" ten="30,2000,0" yaku="14,1,52,1" doraHai="68" who="0" fromWho="3" sc="344,26,352,0,158,0,146,-26" /><INIT seed="2,0,0,2,2,114" ten="370,352,158,120" oya="2" hai0="6,10,48,99,102,75,21,41,63,53,97,17,15" hai1="123,22,44,112,88,25,26,20,24,55,77,109,111" hai2="69,18,90,33,73,85,115,2,74,67,86,36,30" hai3="92,38,110,95,58,98,100,121,126,45,125,132,120"/><V35/><F36/><W51/><G38/><T8/><D75/><U101/><E112/><V116/><F115/><W4/><G110/><N who="1" m="41994" /><E123/><N who="3" m="47178" /><G4/><T52/><D41/><U13/><E77/><V64/><F18/><W56/><G132/><T103/><D63/><U54/><E101/><N who="0" m="38409" /><D53/><N who="1" m="19979" /><E44/><V11/><F11/><N who="0" m="4138" /><D6/><U122/><E122/><V50/><F50/><W47/><G51/><T49/><D49/><U19/><E88/><V1/><F90/><W59/><G98/><T91/><D91/><U82/><E82/><V89/><F89/><W133/><G133/><T108/><D108/><U79/><E79/><V134/><F134/><W135/><G135/><T57/><AGARI ba="0,0" hai="15,17,21,48,52,57,97,99" m="4138,38409" machi="57" ten="30,2000,0" yaku="8,1,54,1" doraHai="114" who="0" fromWho="0" sc="370,20,352,-5,158,-10,120,-5" /><INIT seed="3,0,0,2,1,9" ten="390,347,148,115" oya="3" hai0="7,64,30,107,101,12,26,100,14,99,42,134,35" hai1="78,85,124,94,58,25,109,126,71,55,68,104,4" hai2="65,10,121,105,29,11,60,135,18,59,48,34,19" hai3="32,80,54,133,1,95,113,15,27,38,131,5,6"/><W23/><G38/><T120/><D120/><U86/><E104/><V52/><F121/><W44/><G113/><T21/><D101/><U97/><E109/><V67/><F105/><W57/><G133/><T75/><D75/><U66/><E66/><V93/><F135/><W114/><G131/><T3/><D42/><U24/><E4/><N who="3" m="1642" /><G114/><T50/><D50/><U36/><E36/><V73/><F73/><W45/><G32/><T88/><D88/><N who="1" m="55495" /><E68/><V119/><F119/><W115/><G1/><T72/><D72/><U20/><E71/><V79/><F79/><W47/><G115/><T106/><D106/><U125/><E78/><V90/><F29/><N who="3" m="17663" /><G95/><T96/><D35/><U87/><E20/><V103/><F34/><W117/><G117/><T37/><D37/><U118/><E118/><V33/><F33/><W2/><G2/><T91/><D134/><U46/><E46/><N who="3" m="11778" /><W116/><DORA hai="82" /><G116/><T84/><D3/><U83/><E83/><V63/><F11/><W49/><G80/><T89/><D107/><U129/><E129/><V132/><F10/><W8/><G8/><T77/><D77/><U130/><E130/><V22/><F132/><W111/><G111/><T17/><D7/><U81/><E81/><V70/><F22/><W74/><G74/><T76/><D21/><U13/><E13/><AGARI ba="0,0" hai="13,15,49,54,57" m="11778,17663,1642" machi="13" ten="40,7700,0" yaku="8,1,52,2" doraHai="9,82" who="3" fromWho="1" sc="390,0,347,-77,148,0,115,77" /><INIT seed="3,1,0,1,4,122" ten="390,270,148,192" oya="3" hai0="16,33,99,114,59,37,40,54,10,49,84,130,36" hai1="39,63,34,57,14,76,47,29,20,6,26,50,105" hai2="8,19,89,42,116,106,131,61,7,62,25,48,103" hai3="68,41,64,70,83,72,90,11,126,15,28,65,27"/><W111/><G41/><T73/><D73/><U107/><E39/><V58/><F116/><W104/><G104/><T86/><D33/><U81/><E6/><V52/><F131/><W134/><G126/><T119/><D119/><U135/><E14/><V21/><F106/><W13/><G134/><T92/><D130/><U96/><E96/><V60/><F103/><W79/><G90/><T4/><D37/><U75/><E34/><V82/><F42/><W123/><G123/><T0/><D16/><U31/><E31/><V45/><F45/><W46/><G46/><T56/><D114/><U85/><E75/><V12/><REACH who="2" step="1"/><F62/><REACH who="2" step="2"/><N who="3" m="39959" /><G111/><T128/><D128/><U115/><E115/><V132/><F132/><W1/><G72/><T112/><D112/><U24/><E135/><V9/><F9/><W101/><G11/><T38/><D36/><U118/><E118/><V108/><F108/><W5/><G101/><T100/><D59/><U121/><E121/><V71/><F71/><W95/><G70/><T32/><D32/><U124/><E107/><V102/><F102/><W91/><G5/><T35/><D35/><U110/><E105/><V74/><F74/><W22/><G22/><T66/><D66/><U129/><E20/><V44/><F44/><W2/><G65/><T53/><D53/><U78/><E47/><V117/><F117/><W98/><G28/><T80/><D80/><U67/><E29/><V51/><F51/><W18/><G83/><T87/><D38/><U3/><E50/><V120/><F120/><W133/><G133/><T109/><D40/><U127/><E129/><RYUUKYOKU ba="1,1" sc="390,15,270,-15,138,15,192,-15" hai0="0,4,10,49,54,56,84,86,87,92,99,100,109" hai2="7,8,12,19,21,25,48,52,58,60,61,82,89" owari="415,51,255,6,153,-35,177,-22" /></mjloggm>