<mjloggm ver="2.3"><GO type="225"/><UN n0="%E3%82%AA%E3%82%AB%E3%83%AB%EF%BD%94" n1="%74%6F%62%69%75%6F%34%37" n2="%E5%94%90%E6%8F%9A%E5%A4%A7%E5%A5%BD%E3%81%8D" n3="%E6%9C%AC%E7%89%A9%E5%A5%B3%E5%AD%90%E9%AB%98%E7%94%9F" dan="16,16,16,17" rate="2082,2014,2060,2100" sx="M,M,M,F"/><TAIKYOKU oya="0"/><INIT seed="0,0,0,2,5,88" ten="250,250,250,250" oya="0" hai0="120,18,102,50,82,70,40,19,52,119,64,92,129" hai1="22,124,54,93,27,106,67,107,68,69,0,87,74" hai2="14,86,31,61,8,72,89,5,83,100,3,117,39" hai3="45,28,110,122,21,121,16,97,81,11,134,99,6"/><T43/><D119/><U113/><E0/><V133/><F39/><W9/><G110/><T51/><D120/><N who="3" m="46185" /><G134/><T25/><D129/><U29/><E74/><V2/><F133/><W20/><G81/><T128/><D128/><U127/><E113/><V76/><F117/><W23/><G45/><T35/><D70/><N who="1" m="27243" /><E67/><V1/><F100/><W15/><G97/><N who="0" m="59687" /><D64/><U55/><E107/><V91/><F31/><W96/><G28/><T46/><D35/><U73/><E73/><V4/><F61/><W58/><G58/><N who="0" m="33047" /><D25/><U12/><E106/><V59/><F59/><W80/><G80/><T7/><D7/><U132/><E132/><V78/><F72/><W10/><G6/><T66/><D66/><U98/><E124/><V36/><F36/><W65/><G65/><T24/><D24/><U118/><E118/><V63/><F63/><W103/><G99/><T62/><D62/><U90/><E127/><V32/><F32/><W26/><G26/><T114/><D114/><U95/><E98/><V53/><F4/><W57/><G57/><T13/><D82/><U94/><E12/><V30/><F30/><W126/><G126/><T109/><D109/><U38/><E38/><V105/><F105/><AGARI ba="0,0" hai="9,10,11,15,16,20,21,23,96,103,105" m="46185" machi="105" ten="30,2000,0" yaku="13,1,54,1" doraHai="88" who="3" fromWho="2" sc="250,0,250,0,250,-20,250,20" /><INIT seed="1,0,0,2,2,130" ten="250,250,230,270" oya="1" hai0="97,61,1,74,85,44,83,87,90,5,59,33,41" hai1="30,2,101,120,98,65,80,50,107,47,135,115,24" hai2="11,91,95,119,16,12,15,134,51,6,94,56,86" hai3="4,92,36,89,104,72,82,127,34,110,10,8,73"/><U17/><E120/><V22/><F119/><W32/><G104/><T99/><D33/><U67/><E2/><V18/><F134/><W52/><G36/><T63/><D74/><U27/><E115/><V128/><F128/><W118/><G10/><T111/><D111/><U26/><E135/><V7/><F95/><W133/><G133/><T75/><D75/><U49/><E17/><V23/><F11/><W93/><G72/><T116/><D5/><U21/><E80/><V9/><F9/><W43/><G43/><T19/><D19/><U126/><E126/><V54/><AGARI ba="0,0" hai="6,7,12,15,16,18,22,23,51,54,56,86,91,94" machi="54" ten="30,12000,2" yaku="0,1,9,1,25,2,8,1,54,1" doraHai="130" who="2" fromWho="2" sc="250,-30,250,-60,230,120,270,-30" /><INIT seed="2,0,0,0,4,3" ten="220,190,350,240" oya="2" hai0="126,48,98,15,40,92,89,54,35,127,57,31,110" hai1="90,97,69,118,130,115,8,19,5,7,71,75,30" hai2="27,77,37,121,44,10,129,108,68,21,52,131,28" hai3="61,25,45,26,133,22,132,63,73,24,0,114,93"/><V46/><F68/><W96/><G73/><T91/><D110/><U12/><E118/><V84/><F121/><W16/><G114/><T94/><D40/><U95/><E115/><V74/><F74/><W1/><G45/><T82/><D82/><U42/><E75/><V88/><F77/><W85/><G85/><T29/><D15/><U70/><E130/><N who="2" m="49675" /><F108/><W123/><G123/><T62/><D48/><U64/><E42/><N who="2" m="22607" /><F10/><W105/><G105/><T107/><D107/><U124/><E124/><N who="0" m="47657" /><D35/><U38/><E38/><V9/><F9/><W78/><G78/><T36/><D36/><U81/><E64/><V80/><F46/><W23/><G23/><T99/><AGARI ba="0,0" hai="29,31,54,57,62,89,91,92,94,98,99" m="47657" machi="99" ten="30,1100,0" yaku="18,1" doraHai="3" who="0" fromWho="0" sc="220,11,190,-3,350,-5,240,-3" /><INIT seed="3,0,0,3,2,7" ten="231,187,345,237" oya="3" hai0="115,50,114,21,38,11,118,23,20,12,131,121,18" hai1="67,122,116,65,13,102,97,36,103,87,71,17,133" hai2="124,4,125,77,111,61,75,9,99,44,92,56,81" hai3="8,52,69,33,109,40,130,10,84,113,42,54,134"/><W31/><G69/><T41/><D38/><U117/><E122/><V100/><F111/><W98/><G113/><N who="0" m="43019" /><D121/><U32/><E32/><V58/><F44/><W108/><G134/><T43/><D118/><U57/><E71/><V78/><F78/><W2/><G98/><T107/><D107/><U48/><E36/><V132/><F132/><W95/><G33/><T46/><D131/><U79/><E133/><V101/><F101/><W26/><G109/><T62/><D62/><U72/><E72/><V119/><F119/><W96/><G108/><T35/><D35/><U49/><E117/><V129/><F129/><W5/><G130/><T88/><D88/><U112/><E116/><V66/><REACH who="2" step="1"/><F56/><REACH who="2" step="2"/><W73/><G73/><T60/><D60/><U30/><E112/><V34/><F34/><W89/><G40/><AGARI ba="0,1" hai="11,12,18,20,21,23,40,41,43,46,50" m="43019" machi="40" ten="30,2000,0" yaku="11,1,52,1" doraHai="7" who="0" fromWho="3" sc="231,30,187,0,335,0,237,-20" owari="261,6,187,-31,335,43,217,-18" /></mjloggm>