<mjloggm ver="2.3"><GO type="225"/><UN n0="%E4%B8%AD%E7%94%BA%E3%81%8B%E3%81%AA" n1="%72%61%72%61%70%70%65" n2="%E6%9C%AC%E7%89%A9%E5%A5%B3%E5%AD%90%E9%AB%98%E7%94%9F" n3="%E9%9D%92%E5%B1%B1%E5%AD%A6%E9%99%A2%EF%BC%94%E5%B9%B4" dan="16,16,17,17" rate="2041,2132,2081,2063" sx="F,M,F,F"/><TAIKYOKU oya="0"/><INIT seed="0,0,0,3,3,35" ten="250,250,250,250" oya="0" hai0="62,126,76,1,112,119,36,25,132,95,85,90,3" hai1="52,29,127,110,59,34,82,135,12,26,77,47,55" hai2="78,20,79,104,68,7,89,116,75,130,18,51,86" hai3="118,133,9,93,129,67,23,13,80,49,114,99,6"/><T81/><D119/><U117/><E117/><V41/><F130/><W46/><G118/><T87/><D112/><U24/><E127/><V11/><F68/><W40/><G114/><T70/><D36/><U111/><E135/><V21/><F104/><W65/><G129/><T39/><D39/><U32/><E12/><V16/><F116/><W30/><G133/><T69/><D132/><U56/><E47/><N who="2" m="26095" /><F75/><W102/><REACH who="3" step="1"/><G80/><REACH who="3" step="2"/><T4/><D126/><U27/><E34/><V2/><F21/><W134/><G134/><T53/><D25/><AGARI ba="0,1" hai="6,9,13,23,25,30,40,46,49,65,67,93,99,102" machi="25" ten="40,2600,0" yaku="1,1,8,1,53,0" doraHai="35" doraHaiUra="115" who="3" fromWho="0" sc="250,-26,250,0,250,0,240,36" /><INIT seed="1,0,0,3,4,12" ten="224,250,250,276" oya="1" hai0="94,64,44,89,45,100,18,11,102,86,117,77,73" hai1="63,110,130,131,56,97,3,19,17,47,129,9,104" hai2="21,95,133,84,27,20,5,75,49,106,7,119,41" hai3="13,115,34,26,132,32,79,59,99,76,57,120,16"/><U72/><E72/><V31/><F75/><W15/><G120/><T122/><D117/><U22/><E110/><V25/><F106/><W109/><G115/><T62/><D122/><U88/><E47/><N who="2" m="25839" /><F133/><W90/><G132/><T61/><D77/><N who="3" m="29769" /><G34/><T40/><D73/><U53/><E22/><V81/><F95/><N who="3" m="56823" /><G32/><T111/><D111/><U4/><E104/><V43/><F43/><W2/><G2/><T55/><D55/><U52/><E53/><V8/><F119/><W118/><G118/><T46/><D40/><U80/><E80/><V103/><F103/><N who="0" m="39466" /><D64/><U85/><E85/><V51/><F51/><W127/><G127/><T33/><D33/><U24/><E24/><V0/><F8/><N who="3" m="6183" /><G109/><T114/><D114/><U128/><N who="1" m="32768" /><DORA hai="68" /><U1/><REACH who="1" step="1"/><E3/><REACH who="1" step="2"/><V123/><F0/><W112/><G112/><T92/><D86/><U42/><E42/><V126/><F123/><W96/><G26/><T58/><D11/><U83/><E83/><V74/><F74/><W30/><G96/><T101/><D44/><U29/><E29/><N who="2" m="17575" /><F126/><W48/><G30/><T23/><D45/><U71/><E71/><V14/><F14/><W107/><G107/><T60/><D46/><U65/><E65/><V10/><F84/><W38/><G15/><T124/><D124/><U87/><E87/><V70/><F70/><W6/><G57/><T113/><D113/><U36/><E36/><V82/><F10/><W35/><G35/><T121/><D58/><U93/><AGARI ba="0,1" hai="1,4,9,17,19,52,56,63,88,93,97" m="32768" machi="93" ten="60,36000,4" yaku="1,1,0,1,19,1,52,2,54,2,53,4" doraHai="12,68" doraHaiUra="78,125" who="1" fromWho="1" sc="224,-120,240,370,250,-120,276,-120" /><INIT seed="1,1,0,5,2,55" ten="104,610,130,156" oya="1" hai0="94,101,20,99,112,110,76,85,44,21,3,131,51" hai1="57,70,96,107,97,135,13,53,48,17,118,46,109" hai2="33,25,100,10,8,121,132,119,106,102,130,84,88" hai3="65,90,45,36,0,6,92,66,126,122,71,104,123"/><U77/><E70/><V42/><F119/><W29/><G104/><T83/><D112/><U35/><E35/><V82/><F121/><W54/><G126/><T50/><D3/><U128/><E118/><V5/><F42/><W93/><G29/><T95/><D110/><U115/><E115/><V111/><F111/><W31/><G31/><T41/><D131/><U39/><E128/><V26/><F33/><W105/><G105/><T124/><D124/><U38/><E109/><V125/><F125/><W80/><G80/><T67/><D67/><U63/><E135/><V134/><F130/><W62/><G65/><T30/><D30/><U49/><E77/><V74/><F74/><W79/><G79/><T114/><D114/><U32/><E32/><V91/><F91/><W113/><G113/><T37/><D37/><U47/><E97/><N who="2" m="61711" /><F102/><W40/><G93/><T59/><REACH who="0" step="1"/><D95/><REACH who="0" step="2"/><U11/><E39/><V89/><F134/><W86/><G0/><T24/><D24/><U9/><E38/><V72/><F26/><W12/><G12/><T18/><D18/><U127/><E107/><V60/><F25/><W14/><G14/><T27/><D27/><U58/><E127/><V56/><F132/><W23/><G123/><T108/><D108/><U116/><E116/><V52/><F5/><W22/><G6/><T28/><D28/><U78/><E13/><V15/><F15/><W120/><G120/><T4/><D4/><U19/><E11/><V7/><F7/><W129/><G129/><T43/><D43/><U61/><E9/><V1/><F1/><W117/><G122/><RYUUKYOKU ba="1,1" sc="94,30,610,-10,130,-10,156,-10" hai0="20,21,41,44,50,51,59,76,83,85,94,99,101" /><INIT seed="2,2,1,3,1,52" ten="124,600,120,146" oya="2" hai0="125,81,36,84,35,71,24,29,106,99,108,119,110" hai1="121,80,22,111,9,72,127,100,14,8,88,126,50" hai2="131,0,40,114,30,89,132,83,79,117,38,1,6" hai3="4,19,13,104,48,134,43,45,57,3,115,5,61"/><V90/><F114/><W97/><G115/><T116/><D71/><U113/><E100/><V10/><F0/><W95/><G104/><T56/><D36/><U39/><E39/><V2/><F1/><W101/><G3/><T31/><D31/><U107/><E107/><V58/><F117/><N who="0" m="45130" /><D125/><U128/><E113/><V122/><F122/><W34/><G34/><T21/><D35/><U23/><E121/><V67/><F30/><W65/><REACH who="3" step="1"/><G134/><REACH who="3" step="2"/><T32/><D32/><U76/><E128/><V20/><F131/><W78/><G78/><N who="0" m="46135" /><D56/><U75/><E127/><V102/><F132/><W49/><G49/><T17/><D106/><U37/><E37/><V7/><F58/><W123/><G123/><T64/><D110/><U18/><E111/><V129/><F129/><W133/><G133/><T66/><D108/><U28/><E126/><V42/><F38/><W53/><G53/><T77/><D77/><U105/><E105/><V62/><F79/><W109/><G109/><T41/><D41/><U69/><E69/><N who="2" m="42231" /><F42/><W120/><G120/><T86/><D66/><U98/><E50/><V94/><F40/><W16/><G16/><T25/><D64/><U118/><E118/><V82/><F7/><W26/><G26/><T130/><D130/><U103/><E75/><V11/><F6/><W96/><G96/><T124/><D124/><U85/><E72/><V112/><F112/><W15/><G15/><T92/><D25/><N who="1" m="16447" /><E76/><V60/><F2/><W91/><G91/><N who="0" m="53367" /><D99/><U135/><E135/><V59/><F89/><W93/><G93/><T87/><D17/><U44/><E98/><RYUUKYOKU ba="2,2" sc="124,15,600,-15,120,-15,136,15" hai0="21,24,29,87" hai3="4,5,13,19,43,45,48,57,61,65,95,97,101" /><INIT seed="3,3,2,2,2,87" ten="139,585,105,151" oya="3" hai0="103,37,6,78,99,10,7,134,124,102,25,98,51" hai1="4,122,12,0,85,76,27,117,133,75,116,9,121" hai2="48,35,5,106,83,34,28,84,120,77,41,111,8" hai3="13,110,18,127,130,26,88,81,49,126,108,131,39"/><W17/><G39/><T36/><D78/><U46/><E75/><V74/><F106/><W115/><G115/><T69/><D69/><U86/><E46/><N who="2" m="25679" /><F74/><W61/><G61/><T29/><D124/><N who="3" m="47657" /><G49/><T42/><D134/><U79/><E133/><V63/><F28/><W3/><G3/><T89/><D37/><U44/><E44/><V101/><F101/><W113/><G113/><T66/><D66/><U93/><E27/><V47/><F47/><W123/><G123/><T125/><D36/><U60/><E60/><V119/><F119/><N who="1" m="45641" /><E12/><N who="2" m="5135" /><F111/><N who="3" m="42539" /><G26/><T53/><D125/><U64/><E64/><V129/><F129/><N who="3" m="49163" /><G13/><T2/><D25/><U62/><E62/><V52/><F120/><N who="1" m="46185" /><E93/><V68/><F68/><W135/><G135/><T112/><D112/><U91/><E91/><V32/><F63/><W1/><G1/><T80/><D2/><U24/><E24/><V70/><F70/><W31/><G31/><T33/><D29/><U20/><E20/><V50/><F34/><W72/><G72/><T14/><D33/><N who="2" m="12874" /><F50/><W43/><G43/><T38/><D42/><U90/><E90/><V118/><F118/><W128/><G128/><T67/><D38/><U57/><E57/><V22/><F22/><W105/><G105/><T55/><D6/><U11/><E9/><V19/><F19/><W114/><G114/><T45/><D67/><U82/><E82/><V16/><F16/><W23/><G23/><T132/><D132/><U56/><E56/><V100/><F100/><N who="0" m="38442" /><D55/><AGARI ba="3,2" hai="52,55,77,83,84" m="12874,5135,25679" machi="55" ten="30,2000,0" yaku="25,1,54,1" doraHai="87" who="2" fromWho="0" sc="139,-29,585,0,105,49,151,0" owari="110,-39,585,69,154,-5,151,-25" /></mjloggm>