<mjloggm ver="2.3"><GO type="225"/><UN n0="%E3%82%82%E3%81%A3%E3%81%93%E3%82%8A%E6%8E%A2%E5%81%B5" n1="%E7%9C%9F%E7%94%B0%E6%98%8C%E5%B9%B8" n2="%63%72%6F%77" n3="%EF%BC%94%EF%BC%91%EF%BC%96" dan="16,16,16,16" rate="2077,2043,2069,2063" sx="M,M,M,M"/><TAIKYOKU oya="0"/><INIT seed="0,0,0,5,1,107" ten="250,250,250,250" oya="0" hai0="100,117,127,68,95,36,77,56,63,88,38,86,81" hai1="121,113,52,133,37,126,85,34,101,105,51,20,47" hai2="39,9,72,120,132,35,30,104,15,57,21,78,60" hai3="16,130,108,87,2,75,24,29,5,62,14,93,25"/><T33/><D68/><U12/><E121/><V82/><F104/><W125/><G125/><T40/><D117/><U116/><E34/><V102/><F102/><W83/><G130/><T31/><D127/><U84/><E126/><V129/><F39/><W49/><G108/><T27/><D40/><U46/><E116/><V0/><F120/><W42/><G75/><T58/><D100/><U1/><E1/><V18/><F129/><W8/><G93/><T11/><D11/><U55/><E133/><V110/><F110/><W53/><G62/><T13/><D13/><U66/><E66/><V92/><F92/><W119/><G42/><T70/><D70/><U76/><E113/><V19/><F132/><W43/><G43/><T80/><D80/><U65/><E65/><V128/><F0/><W54/><G119/><T61/><D61/><U26/><E37/><V94/><F94/><W115/><G115/><T71/><D71/><U106/><E12/><V112/><F112/><W90/><G29/><T91/><D91/><U124/><E124/><V109/><F109/><W96/><G96/><T99/><REACH who="0" step="1"/><D56/><REACH who="0" step="2"/><U103/><E103/><V69/><F69/><W98/><G98/><T41/><D41/><U134/><E101/><V3/><F3/><W111/><G111/><T28/><D28/><U89/><E106/><V114/><F114/><W22/><G54/><AGARI ba="0,1" hai="27,31,33,36,38,54,58,63,77,81,86,88,95,99" machi="54" ten="30,5800,0" yaku="1,1,7,1,54,1,53,0" doraHai="107" doraHaiUra="123" who="0" fromWho="3" sc="240,68,250,0,250,0,250,-58" /><INIT seed="0,1,0,4,4,118" ten="308,250,250,192" oya="0" hai0="104,100,124,55,62,49,0,81,78,34,9,130,72" hai1="32,66,93,64,109,56,51,133,10,84,86,50,60" hai2="4,82,38,91,52,47,61,128,106,73,75,30,8" hai3="125,94,54,42,77,113,108,40,114,36,48,11,97"/><T44/><D124/><U39/><E39/><V71/><F106/><W74/><G125/><T107/><D34/><U25/><E109/><V3/><F30/><W27/><G108/><T35/><D35/><U120/><E133/><V14/><F128/><W69/><G69/><T102/><D130/><U101/><E120/><V19/><F71/><W79/><G36/><T28/><D28/><U24/><E32/><V1/><F38/><W2/><G114/><T87/><D72/><U13/><E101/><V17/><F17/><W116/><G116/><T119/><D119/><U92/><E56/><V131/><F131/><W23/><G74/><T127/><D127/><U121/><E121/><V89/><F3/><W33/><G33/><T22/><D22/><U135/><E135/><V103/><F103/><W105/><G105/><T117/><D117/><U85/><E60/><V57/><F47/><W43/><G2/><T68/><D107/><U134/><E134/><V65/><F65/><N who="1" m="25193" /><E25/><V37/><F37/><W58/><G11/><T96/><D102/><U45/><E24/><V7/><F7/><W70/><G70/><T129/><D129/><U21/><E21/><V88/><REACH who="2" step="1"/><F82/><REACH who="2" step="2"/><W15/><G113/><T59/><D68/><U46/><E46/><V126/><F126/><W122/><G122/><T112/><D112/><U53/><E51/><V132/><F132/><W76/><G15/><T5/><D44/><U6/><AGARI ba="1,1" hai="6,10,13,45,50,53,84,85,86,92,93" m="25193" machi="6" ten="30,1100,0" yaku="8,1" doraHai="118" who="1" fromWho="1" sc="308,-6,250,24,240,-4,192,-4" /><INIT seed="1,0,0,0,5,7" ten="302,274,236,188" oya="1" hai0="33,3,50,55,68,48,85,39,57,96,4,120,109" hai1="123,38,6,95,53,2,63,104,118,81,106,88,87" hai2="20,124,9,71,37,103,90,21,56,107,92,132,91" hai3="34,99,94,62,115,52,17,8,83,75,133,32,66"/><U73/><E123/><V65/><F71/><W54/><G115/><T22/><D68/><U31/><E118/><V127/><F37/><W60/><G133/><T101/><D33/><U58/><E38/><V74/><F74/><W27/><G75/><T78/><D39/><U125/><E125/><N who="2" m="48203" /><F132/><W42/><G42/><T61/><D120/><U77/><REACH who="1" step="1"/><E31/><REACH who="1" step="2"/><V30/><F30/><W108/><G108/><T72/><D109/><U16/><E16/><V51/><F107/><W113/><G113/><T112/><D112/><U128/><E128/><V116/><F116/><W45/><G34/><T117/><D117/><U100/><E100/><V46/><F103/><W44/><G32/><T69/><D101/><U5/><E5/><V43/><F91/><N who="3" m="55775" /><G83/><T36/><D36/><U35/><E35/><V13/><F90/><W76/><G76/><T0/><D78/><U79/><E79/><V41/><F41/><W121/><G121/><T40/><D40/><U84/><E84/><V86/><F86/><W111/><G111/><T18/><D85/><U1/><E1/><V119/><F119/><W98/><G98/><T25/><D0/><U29/><E29/><V64/><F92/><W134/><G134/><T28/><D3/><U114/><E114/><V110/><F110/><W10/><G27/><T70/><D25/><U89/><E89/><V97/><F97/><W131/><G17/><T19/><D18/><U26/><E26/><V130/><F43/><W126/><G126/><T82/><D19/><U105/><E105/><V15/><F15/><W12/><G12/><T102/><D72/><RYUUKYOKU ba="0,1" sc="302,-10,264,30,236,-10,188,-10" hai1="2,6,53,58,63,73,77,81,87,88,95,104,106" /><INIT seed="1,1,1,0,2,55" ten="292,294,226,178" oya="1" hai0="26,27,123,21,93,109,119,130,66,135,76,80,133" hai1="9,128,57,77,98,10,61,22,13,4,60,33,23" hai2="50,100,103,71,43,85,101,29,2,111,16,88,92" hai3="117,28,42,95,124,18,36,116,131,31,118,105,63"/><U41/><E33/><V25/><F71/><W47/><G105/><T72/><D119/><U90/><E128/><V70/><F70/><W67/><G131/><T30/><D130/><U15/><E77/><V0/><F111/><W99/><G18/><T35/><D109/><U78/><E78/><V107/><F107/><W115/><G115/><T7/><D123/><U3/><E41/><V37/><F37/><W74/><G74/><T56/><D7/><U121/><E121/><V86/><F86/><W39/><G39/><T94/><D66/><N who="1" m="39183" /><E3/><V108/><F108/><W49/><G36/><T97/><D56/><U132/><E132/><N who="0" m="50761" /><D97/><U52/><E61/><V69/><F69/><N who="3" m="42239" /><G124/><T59/><D59/><U8/><E4/><V75/><F75/><W54/><G54/><T83/><D83/><U58/><E58/><V5/><F5/><W12/><G12/><N who="1" m="4682" /><E52/><V89/><F2/><W73/><G73/><T112/><D112/><U87/><E98/><V114/><F0/><W38/><G38/><T126/><D126/><U65/><E65/><V82/><F114/><W17/><G17/><AGARI ba="1,1" hai="17,21,26,27,30,35,72,76,80,93,94" m="50761" machi="17" ten="30,1000,0" yaku="20,1" doraHai="55" who="0" fromWho="3" sc="292,23,294,0,226,0,178,-13" /><INIT seed="2,0,0,3,2,43" ten="315,294,226,165" oya="2" hai0="78,27,33,98,25,3,72,66,105,133,41,117,61" hai1="64,97,100,21,39,7,99,31,67,8,118,10,68" hai2="73,30,38,87,75,37,6,44,106,32,57,88,129" hai3="2,18,52,111,56,24,69,70,126,112,34,119,20"/><V115/><F106/><W60/><G119/><T82/><D3/><U11/><E118/><V4/><F115/><W48/><G112/><T51/><D117/><U58/><E68/><V59/><F129/><W12/><G126/><T55/><D41/><U1/><E39/><V92/><F30/><W108/><G2/><T49/><D133/><U110/><E110/><V102/><F102/><W29/><REACH who="3" step="1"/><G60/><REACH who="3" step="2"/><T74/><D61/><U15/><E1/><V121/><F121/><W123/><G123/><T120/><D120/><U90/><E7/><V109/><F109/><AGARI ba="0,1" hai="12,18,20,24,29,34,48,52,56,69,70,108,109,111" machi="109" ten="40,8000,1" yaku="1,1,14,1,54,1,53,1" doraHai="43" doraHaiUra="46" who="3" fromWho="2" sc="315,0,294,0,226,-80,155,90" /><INIT seed="3,0,0,0,3,64" ten="315,294,146,245" oya="3" hai0="112,30,100,21,129,36,50,94,122,65,63,114,60" hai1="66,16,32,28,42,135,84,44,99,77,55,132,119" hai2="111,117,113,109,83,80,51,134,121,87,37,118,25" hai3="74,102,106,101,26,0,13,126,49,54,103,2,73"/><W6/><G106/><T33/><D36/><U95/><E119/><V123/><F37/><W41/><G41/><T34/><D122/><N who="2" m="46602" /><F51/><W98/><G126/><T133/><D133/><N who="1" m="51275" /><E66/><V20/><F134/><W10/><G98/><N who="0" m="59479" /><D129/><U3/><E3/><V62/><F62/><N who="0" m="23594" /><D65/><U46/><E28/><N who="2" m="17447" /><F87/><W115/><G115/><N who="0" m="44075" /><D50/><U88/><E32/><V125/><F83/><W68/><G68/><T43/><D43/><U71/><E71/><V108/><F80/><W27/><G2/><T31/><D21/><U81/><E42/><V17/><F113/><W97/><G0/><T24/><D24/><U57/><E16/><V110/><N who="2" m="27648" /><DORA hai="79" /><V78/><F78/><W47/><REACH who="3" step="1"/><G97/><REACH who="3" step="2"/><T82/><D82/><U45/><E99/><V40/><F40/><W19/><G19/><T58/><D58/><U67/><E57/><V72/><F72/><AGARI ba="0,1" hai="6,10,13,26,27,47,49,54,72,73,74,101,102,103" machi="72" ten="40,7700,0" yaku="1,1,53,2" doraHai="64,79" doraHaiUra="9,8" who="3" fromWho="2" sc="315,0,294,0,146,-77,235,87" owari="315,7,294,-6,69,-33,322,32" /></mjloggm>