<mjloggm ver="2.3"><GO type="169"/><UN n0="%E3%81%BF%E3%81%A3%E3%81%A4%E3%81%83%EF%BD%9E" n1="%70%74%E5%8A%B9%E7%8E%87%E6%89%93%E6%B3%95" n2="%7A%65%72%6F%52%58" n3="%E3%83%9C%E3%82%AB%E3%83%86%E3%83%B3" dan="17,16,17,16" rate="2120,2079,2118,2058" sx="F,M,M,M"/><TAIKYOKU oya="0"/><INIT seed="0,0,0,3,1,68" ten="250,250,250,250" oya="0" hai0="119,41,122,78,23,87,58,8,51,15,35,99,93" hai1="120,85,27,91,80,22,19,7,118,29,2,53,5" hai2="82,108,59,42,73,12,38,84,133,47,49,134,52" hai3="104,86,97,75,95,1,114,126,34,4,37,71,32"/><T50/><D35/><U70/><E118/><V90/><F108/><W40/><G114/><T113/><D119/><U28/><E120/><V6/><F73/><W61/><G86/><T0/><D0/><U106/><E106/><V21/><F21/><W54/><G75/><T18/><D113/><U62/><E70/><V33/><REACH who="2" step="1"/><F33/><REACH who="2" step="2"/><W20/><G20/><T30/><D122/><U124/><E124/><V13/><F13/><W25/><G32/><T123/><D123/><U129/><E2/><V63/><F63/><W76/><G34/><T66/><D23/><U131/><E131/><V77/><F77/><W45/><G76/><T26/><D78/><U111/><E129/><V94/><F94/><W92/><G92/><T44/><D93/><U102/><E111/><V112/><F112/><W98/><G95/><T60/><D15/><U67/><E102/><V79/><F79/><W105/><G105/><T127/><D127/><U46/><E22/><V55/><F55/><W96/><G104/><T132/><D99/><U14/><E53/><V100/><F100/><W117/><G126/><T89/><D87/><U65/><E85/><V9/><AGARI ba="0,1" hai="6,9,12,38,42,47,49,52,59,82,84,90,133,134" machi="9" ten="30,7900,0" yaku="1,1,0,1,52,1,54,1,53,0" doraHai="68" doraHaiUra="17" who="2" fromWho="2" sc="250,-39,250,-20,240,89,250,-20" /><INIT seed="1,0,0,4,1,67" ten="211,230,329,230" oya="1" hai0="65,122,82,26,42,130,60,129,99,6,34,131,39" hai1="17,92,19,74,115,112,44,116,66,128,71,133,33" hai2="49,18,32,126,97,45,10,57,9,14,38,51,50" hai3="91,5,104,2,68,55,123,3,58,8,12,41,64"/><U101/><E74/><V61/><F32/><W87/><G104/><T23/><D122/><U72/><E72/><V15/><F126/><W81/><G123/><T135/><D135/><U90/><E33/><V117/><F117/><W102/><G102/><T89/><D6/><U78/><E78/><V59/><F38/><W28/><G41/><T109/><D109/><U108/><E101/><V75/><F75/><W85/><G28/><T105/><D42/><U125/><E128/><V37/><F37/><W134/><G134/><T124/><D39/><U63/><E116/><V98/><F45/><W107/><G107/><T73/><D124/><U24/><E108/><V69/><F69/><W27/><G27/><T132/><D132/><U13/><E125/><V29/><F29/><W106/><G106/><T21/><D73/><U100/><E100/><V80/><F80/><W94/><G64/><T118/><D118/><U114/><E44/><V121/><F121/><W0/><G0/><T96/><D82/><U111/><E111/><V53/><REACH who="2" step="1"/><F59/><REACH who="2" step="2"/><W31/><G68/><N who="0" m="42023" /><D34/><U110/><E110/><V88/><F88/><W54/><G31/><N who="0" m="17871" /><D89/><U127/><E127/><V36/><F36/><W70/><G58/><T7/><D105/><U22/><E133/><V86/><F86/><W113/><G87/><T30/><D99/><N who="1" m="57751" /><E115/><V83/><F83/><W79/><G113/><T35/><D96/><U4/><E114/><V25/><F25/><W77/><G70/><T84/><D84/><U56/><E112/><V20/><F20/><W16/><G81/><T76/><D23/><N who="1" m="13423" /><E71/><V120/><F120/><RYUUKYOKU ba="0,1" sc="211,-15,230,15,319,15,230,-15" hai1="4,13,19,22,56,63,66" hai2="9,10,14,15,18,49,50,51,53,57,61,97,98" /><INIT seed="1,1,1,2,3,82" ten="196,245,334,215" oya="1" hai0="99,54,51,26,126,22,39,129,109,32,49,77,4" hai1="97,108,59,21,134,89,0,80,110,117,12,111,133" hai2="10,31,112,20,2,3,46,16,88,103,92,63,115" hai3="6,52,19,48,44,70,72,55,18,23,132,1,43"/><U106/><E0/><V123/><F103/><W67/><G72/><T57/><D32/><U101/><E117/><V107/><F107/><W61/><G132/><N who="1" m="50794" /><E59/><V33/><F123/><W8/><REACH who="3" step="1"/><G18/><REACH who="3" step="2"/><T121/><D121/><U98/><E21/><V27/><F16/><W37/><G37/><T79/><D39/><U53/><E12/><AGARI ba="1,2" hai="1,6,8,12,19,23,43,44,48,52,55,61,67,70" machi="12" ten="30,3900,0" yaku="1,1,7,1,54,1,53,0" doraHai="82" doraHaiUra="131" who="3" fromWho="1" sc="196,0,245,-42,334,0,205,62" /><INIT seed="2,0,0,3,3,56" ten="196,203,334,267" oya="2" hai0="86,82,45,119,107,32,133,39,8,89,70,5,123" hai1="121,40,127,31,20,19,36,113,33,28,53,69,112" hai2="99,75,72,120,22,78,42,47,30,104,93,125,132" hai3="29,59,67,16,110,131,109,38,98,118,92,87,58"/><V43/><F120/><W81/><G38/><T18/><D133/><U17/><E121/><V10/><F104/><W37/><G37/><T15/><D32/><U7/><E69/><V90/><F132/><W9/><G29/><T122/><D107/><U134/><E134/><V46/><F125/><W64/><G118/><T129/><D119/><U108/><E7/><V114/><F114/><W51/><G131/><T6/><D129/><U126/><E40/><N who="2" m="15403" /><F75/><W55/><G59/><T62/><D39/><U2/><E2/><V128/><F78/><W71/><G71/><T135/><D45/><U54/><E36/><V80/><F80/><W35/><G35/><T14/><D6/><U101/><E33/><V83/><F83/><W97/><G97/><T23/><REACH who="0" step="1"/><D135/><REACH who="0" step="2"/><U74/><E108/><V111/><F47/><W130/><G130/><T94/><D94/><U116/><E116/><V3/><F93/><W68/><G110/><T124/><D124/><U49/><E126/><V73/><F46/><W0/><G109/><T115/><D115/><U44/><E127/><V95/><F95/><W103/><G92/><T61/><D61/><U105/><E44/><V117/><F128/><W60/><G60/><T88/><D88/><U26/><E105/><V4/><F117/><W85/><G98/><T50/><D50/><U52/><E49/><V76/><F111/><W24/><G51/><T27/><D27/><N who="1" m="16487" /><E112/><V1/><F99/><W57/><G81/><T13/><D13/><U102/><E113/><V12/><F12/><W65/><G0/><T41/><D41/><U84/><E26/><RYUUKYOKU ba="0,1" sc="186,30,203,-10,334,-10,267,-10" hai0="5,8,14,15,18,23,62,70,82,86,89,122,123" /><INIT seed="3,1,1,3,4,49" ten="216,193,324,257" oya="3" hai0="15,22,19,51,65,79,117,16,134,85,126,75,59" hai1="33,125,97,50,94,105,78,108,3,107,124,69,106" hai2="17,63,120,64,18,67,88,25,34,87,104,103,127" hai3="118,84,48,93,6,9,35,40,45,14,122,72,23"/><W116/><G72/><T52/><D75/><U86/><E3/><V41/><F127/><N who="1" m="48713" /><E33/><V60/><F120/><W133/><G35/><T46/><D126/><U0/><E0/><V32/><F41/><W102/><G122/><T30/><D134/><U29/><E29/><V132/><F132/><W129/><G129/><T119/><D30/><U109/><E69/><V26/><F103/><W115/><G115/><T130/><D130/><U4/><E4/><V10/><F104/><W7/><G7/><T57/><D119/><U61/><E61/><V90/><F87/><W121/><G121/><T1/><D1/><U114/><E50/><V36/><REACH who="2" step="1"/><F10/><REACH who="2" step="2"/><W82/><G133/><T62/><D117/><U81/><E114/><V100/><F100/><AGARI ba="1,2" hai="78,81,86,94,97,100,105,106,107,108,109" m="48713" machi="100" ten="40,5200,0" yaku="18,1,34,2" doraHai="49" who="1" fromWho="2" sc="216,0,193,75,314,-55,257,0" /><INIT seed="4,0,0,1,3,48" ten="216,268,259,257" oya="0" hai0="99,119,55,42,8,26,93,40,124,45,6,15,35" hai1="79,128,94,47,130,66,56,75,92,39,95,46,59" hai2="13,96,38,19,14,54,76,100,86,98,88,120,131" hai3="65,125,70,108,64,104,34,126,73,71,69,103,57"/><T105/><D124/><N who="3" m="47721" /><G73/><T112/><D112/><U22/><E79/><V129/><F38/><W29/><G108/><T134/><D134/><U114/><E75/><V62/><F76/><W25/><G57/><T90/><D119/><U20/><E114/><V9/><F120/><W74/><G74/><T2/><D2/><U122/><E122/><V61/><F14/><W4/><G4/><T33/><D105/><U51/><E39/><V30/><F30/><W116/><G116/><T123/><D123/><U23/><E66/><V17/><F17/><W63/><G65/><T67/><D67/><U102/><E102/><V53/><F62/><W58/><G58/><N who="1" m="22058" /><E51/><V85/><F85/><W78/><G78/><T77/><D77/><U82/><E82/><N who="2" m="49239" /><F61/><W80/><G80/><T36/><D42/><U113/><E113/><V121/><F121/><W49/><G49/><T10/><D26/><U37/><E37/><V60/><F60/><W21/><G34/><T83/><D83/><U28/><E28/><V111/><F111/><W7/><G7/><T0/><D35/><U52/><E52/><N who="2" m="20075" /><F100/><W41/><G63/><T118/><D33/><U3/><E3/><V32/><F32/><W107/><G64/><T27/><D0/><U109/><E109/><V11/><F11/><W133/><G103/><T16/><D10/><U24/><E24/><V135/><F135/><W31/><G133/><T106/><D8/><U44/><AGARI ba="0,0" hai="20,22,23,44,46,47,92,94,95,128,130" m="22058" machi="44" ten="40,12000,2" yaku="29,2,28,2,26,2" doraHai="48" who="1" fromWho="1" sc="216,-60,268,120,259,-30,257,-30" /><INIT seed="5,0,0,1,2,100" ten="156,388,229,227" oya="1" hai0="128,27,0,29,30,2,8,62,66,103,18,65,4" hai1="17,126,95,50,67,98,132,34,41,105,13,57,134" hai2="47,86,37,123,91,106,84,69,110,119,35,24,93" hai3="94,12,89,20,46,111,53,75,78,71,55,36,133"/><U114/><E34/><V112/><F123/><W87/><G71/><T83/><D128/><U63/><E114/><V54/><F119/><W135/><G111/><T113/><D113/><U9/><E126/><V33/><F69/><W38/><G78/><T28/><D83/><U81/><E81/><V115/><F110/><W5/><G75/><T23/><D103/><U88/><REACH who="1" step="1"/><E105/><REACH who="1" step="2"/><V124/><F106/><W125/><G125/><T74/><D74/><U130/><E130/><V82/><F35/><W14/><G135/><T108/><D108/><U79/><E79/><V120/><F33/><W99/><G133/><T72/><D72/><U16/><E16/><V3/><F82/><W32/><G32/><T21/><D66/><U104/><E104/><V96/><F124/><W15/><G5/><T127/><D127/><U70/><E70/><V48/><F115/><W118/><G118/><T11/><D65/><U51/><E51/><V58/><F48/><W52/><G36/><T44/><D62/><U26/><E26/><V90/><F24/><W40/><REACH who="3" step="1"/><G20/><REACH who="3" step="2"/><N who="0" m="13719" /><D44/><AGARI ba="0,2" hai="9,13,17,41,44,50,57,63,67,88,95,98,132,134" machi="44" ten="40,7700,0" yaku="1,1,54,1,53,1" doraHai="100" doraHaiUra="59" who="1" fromWho="0" sc="156,-77,378,97,229,0,217,0" /><INIT seed="5,1,0,1,4,59" ten="79,475,229,217" oya="1" hai0="85,134,109,62,25,67,108,42,87,13,5,28,81" hai1="66,26,2,113,53,117,106,130,80,97,92,58,55" hai2="12,129,125,116,9,95,21,7,19,84,103,114,64" hai3="86,73,98,121,111,63,49,52,96,14,51,105,17"/><U60/><E2/><V45/><F116/><W4/><G73/><T32/><D134/><U79/><E106/><V24/><F129/><W10/><G121/><T126/><D126/><U93/><E113/><V88/><F125/><W76/><G111/><T43/><D87/><U41/><E41/><V94/><F114/><W70/><G105/><T18/><D5/><U89/><E130/><V133/><F133/><W90/><G76/><T104/><D104/><U6/><E6/><V110/><F110/><W33/><G33/><T135/><D135/><U102/><E26/><V128/><F128/><W39/><G39/><T68/><D109/><U1/><E1/><V48/><F64/><W46/><G49/><T61/><D61/><U65/><E55/><N who="2" m="30095" /><F103/><W99/><G4/><T30/><D30/><U83/><E66/><V8/><F8/><W100/><G100/><T115/><D115/><U22/><E65/><V119/><F119/><W16/><G70/><T11/><REACH who="0" step="1"/><D108/><REACH who="0" step="2"/><U29/><E117/><V91/><F91/><AGARI ba="1,1" hai="11,13,18,25,28,32,42,43,62,67,68,81,85,91" machi="91" ten="30,8000,1" yaku="1,1,2,1,7,1,52,1,53,1" doraHai="59" doraHaiUra="56" who="0" fromWho="2" sc="69,93,475,0,229,-83,217,0" /><INIT seed="6,0,0,3,0,133" ten="162,475,146,217" oya="2" hai0="24,2,19,60,82,17,124,53,50,54,47,57,108" hai1="22,4,28,92,134,89,23,110,115,58,1,16,105" hai2="32,90,44,100,127,76,35,95,122,18,112,11,75" hai3="123,71,86,70,5,114,6,93,33,52,59,99,121"/><V25/><F122/><W74/><G74/><T13/><D2/><U46/><E105/><V3/><F112/><W14/><G33/><T15/><D108/><U45/><E110/><V67/><F100/><W91/><G114/><T78/><D124/><U106/><E106/><V72/><F67/><W34/><G34/><T48/><D24/><N who="1" m="16407" /><E4/><V128/><F128/><W66/><G121/><T84/><D15/><N who="1" m="9631" /><E1/><V129/><F129/><W94/><G123/><T0/><D0/><U135/><E58/><V8/><F127/><W62/><G14/><T29/><D29/><U51/><E51/><V79/><F3/><W85/><G71/><T87/><D13/><U27/><E27/><V12/><F44/><W39/><G39/><T55/><REACH who="0" step="1"/><D87/><REACH who="0" step="2"/><N who="1" m="52287" /><E115/><V73/><F8/><W118/><G85/><T98/><D98/><U31/><E31/><V38/><F35/><W64/><G118/><T117/><D117/><U88/><E46/><AGARI ba="0,1" hai="17,19,46,47,48,50,53,54,55,57,60,78,82,84" machi="46" ten="30,7700,0" yaku="1,1,7,1,9,1,8,1,53,0" doraHai="133" doraHaiUra="104" who="0" fromWho="1" sc="152,87,475,-77,146,0,217,0" /><INIT seed="7,0,0,2,4,122" ten="239,398,146,217" oya="3" hai0="2,35,76,51,24,88,40,108,92,34,5,11,114" hai1="86,56,112,57,134,104,14,91,61,74,60,79,77" hai2="26,67,124,115,17,85,69,75,55,120,97,130,89" hai3="28,72,95,81,128,90,129,63,68,123,101,80,20"/><W44/><G123/><T0/><D108/><U70/><E70/><V62/><F120/><W110/><G101/><T25/><D76/><U83/><E104/><V99/><F115/><W6/><G6/><T113/><D40/><U87/><E74/><V98/><F75/><W59/><G68/><T66/><D51/><U43/><E43/><V13/><F130/><N who="3" m="50283" /><G44/><T12/><D66/><N who="1" m="39175" /><E134/><V39/><F39/><W46/><G46/><T94/><D88/><N who="1" m="51295" /><E14/><V119/><F119/><W135/><G135/><T31/><D94/><N who="1" m="54655" /><E112/><N who="0" m="43113" /><D92/><U41/><E41/><V126/><F26/><N who="3" m="16455" /><G72/><T32/><D25/><U15/><E15/><V4/><F4/><W109/><G81/><T52/><D52/><AGARI ba="0,0" hai="52,57,61,77,79" m="54655,51295,39175" machi="52" ten="30,3900,0" yaku="8,1,54,2" doraHai="122" who="1" fromWho="0" sc="239,-39,398,39,146,0,217,0" owari="200,-20,437,53,146,-35,217,2" /></mjloggm>