<mjloggm ver="2.3"><GO type="225"/><UN n0="%61%6C%75%63%61%72%64" n1="%74%6F%62%69%75%6F%34%37" n2="%E9%85%8D%E5%9B%9E%E9%99%8D%E6%B5%81" n3="%E9%9D%92%E5%B1%B1%E5%AD%A6%E9%99%A2%EF%BC%94%E5%B9%B4" dan="16,16,16,17" rate="2092,2003,2102,2057" sx="M,M,M,F"/><TAIKYOKU oya="0"/><INIT seed="0,0,0,5,5,50" ten="250,250,250,250" oya="0" hai0="91,51,106,126,121,77,75,68,3,118,23,11,123" hai1="31,36,82,37,18,81,15,80,83,13,48,64,129" hai2="117,21,105,102,101,33,32,47,134,120,99,71,79" hai3="14,100,124,57,112,65,12,114,16,26,19,54,60"/><T76/><D106/><U5/><E129/><V66/><F120/><W116/><G116/><T0/><D68/><U38/><E31/><V53/><F79/><W109/><G124/><T41/><D23/><U133/><E133/><V110/><F101/><W113/><G109/><T73/><D51/><U70/><E5/><V61/><F110/><W127/><G127/><T1/><D41/><U45/><N who="1" m="20480" /><DORA hai="74" /><U94/><E94/><V8/><F134/><W108/><G108/><T122/><D126/><U111/><E111/><V4/><F117/><W115/><N who="3" m="28672" /><DORA hai="30" /><W17/><G26/><T78/><D118/><U72/><E72/><N who="0" m="27721" /><D91/><U67/><E70/><V59/><F21/><W130/><G130/><T92/><D92/><U10/><REACH who="1" step="1"/><E15/><REACH who="1" step="2"/><V85/><F71/><W2/><G2/><T104/><D104/><U90/><E90/><V40/><F85/><W49/><REACH who="3" step="1"/><G100/><REACH who="3" step="2"/><T7/><D1/><U89/><E89/><V58/><F102/><W56/><AGARI ba="0,2" hai="12,14,16,17,19,49,54,56,57,60,65" m="28672" machi="56" ten="60,12000,2" yaku="1,1,2,1,0,1,52,1,54,1,53,1" doraHai="50,74,30" doraHaiUra="95,46,28" who="3" fromWho="3" sc="250,-60,240,-30,250,-30,240,140" /><INIT seed="1,0,0,5,1,66" ten="190,210,220,380" oya="1" hai0="81,63,121,15,43,76,108,9,92,12,59,69,14" hai1="32,86,57,93,132,74,83,23,62,36,100,26,128" hai2="21,90,6,55,16,29,126,110,114,111,88,33,89" hai3="25,44,72,49,117,46,94,131,54,50,22,45,41"/><U0/><E32/><V107/><F107/><W87/><G72/><T96/><D108/><N who="2" m="41514" /><F126/><W31/><G131/><T119/><D119/><U112/><E112/><V71/><F114/><W58/><G117/><T85/><D121/><U28/><E128/><V27/><F6/><W20/><G20/><T99/><D43/><U61/><E0/><V37/><F37/><W91/><AGARI ba="0,0" hai="22,25,31,41,44,45,46,49,50,54,58,87,91,94" machi="91" ten="30,2000,0" yaku="0,1,8,1" doraHai="66" who="3" fromWho="3" sc="190,-5,210,-10,220,-5,380,20" /><INIT seed="2,0,0,2,1,31" ten="185,200,215,400" oya="2" hai0="131,54,22,18,109,108,99,34,133,116,28,55,2" hai1="48,102,110,25,30,87,9,96,6,56,82,84,118" hai2="129,41,69,121,71,36,88,98,130,26,11,15,72" hai3="24,104,126,114,33,45,107,66,42,38,62,27,43"/><V14/><F121/><W50/><G24/><N who="0" m="18695" /><D2/><U32/><E118/><V37/><F72/><W17/><G126/><T16/><D116/><U12/><E110/><N who="0" m="42601" /><D133/><U52/><REACH who="1" step="1"/><E82/><REACH who="1" step="2"/><V135/><F135/><W117/><G117/><T77/><D131/><U65/><E65/><V13/><F130/><W101/><G66/><T92/><D77/><U115/><E115/><V100/><F129/><W89/><G114/><T93/><D93/><AGARI ba="0,1" hai="6,9,12,25,30,32,48,52,56,84,87,93,96,102" machi="93" ten="30,7700,0" yaku="1,1,7,1,52,1,54,1,53,0" doraHai="31" doraHaiUra="85" who="1" fromWho="0" sc="185,-77,190,87,215,0,400,0" /><INIT seed="3,0,0,4,5,123" ten="108,277,215,400" oya="3" hai0="106,127,97,79,8,92,56,52,13,3,110,17,9" hai1="109,124,116,102,85,104,94,115,131,70,113,86,66" hai2="132,90,82,76,133,80,41,120,112,62,49,10,108" hai3="50,44,29,24,93,22,33,100,71,105,96,37,59"/><W119/><G37/><T72/><D106/><U78/><E70/><V46/><F112/><N who="1" m="43081" /><E66/><V26/><F120/><W77/><G119/><T95/><D127/><U0/><E0/><V39/><F26/><W36/><G36/><T45/><D79/><U30/><E30/><V47/><F10/><W12/><G71/><T67/><D72/><U18/><E18/><V117/><F117/><W19/><G77/><T61/><D3/><U42/><E42/><V81/><F62/><W48/><G44/><T32/><D32/><U58/><E58/><V103/><F103/><W64/><G105/><T88/><D110/><U34/><E34/><V25/><F25/><W20/><G33/><T134/><D134/><N who="2" m="51818" /><F90/><W23/><G23/><T40/><D95/><U53/><E116/><V69/><F69/><W129/><G129/><T15/><D67/><U31/><E102/><V87/><F108/><W125/><G125/><T63/><D63/><AGARI ba="0,0" hai="12,19,20,22,24,29,48,50,59,63,64,93,96,100" machi="63" ten="40,7700,0" yaku="25,2,8,1" doraHai="123" who="3" fromWho="0" sc="108,-77,277,0,215,0,400,77" owari="31,-47,277,8,215,-18,477,57" /></mjloggm>