<mjloggm ver="2.3"><GO type="225"/><UN n0="%E3%81%B6%E3%81%A3%E3%81%A8%E3%81%B3%E4%BE%8D" n1="%E7%88%86%E7%89%8C%E3%82%A6%E3%82%B7%E3%82%B8%E3%83%9E%E3%81%8F%E3%82%93" n2="%E9%95%B7%E6%9D%91%E3%83%93%E3%83%83%E3%82%B0" n3="%E3%83%B4%E3%83%A0%EF%BC%99%E3%81%A6" dan="17,18,17,16" rate="2111,2179,2213,2076" sx="M,M,M,M"/><TAIKYOKU oya="0"/><INIT seed="0,0,0,2,0,29" ten="250,250,250,250" oya="0" hai0="118,30,116,75,59,16,67,74,34,12,58,17,52" hai1="2,127,62,132,44,4,78,95,40,99,106,123,43" hai2="35,89,87,92,36,91,120,65,98,47,68,48,84" hai3="9,107,21,88,61,56,63,26,55,15,113,54,94"/><T102/><D102/><U14/><E123/><V121/><F36/><W25/><G107/><T5/><D5/><U81/><E2/><V100/><F35/><W37/><G37/><T79/><D79/><U130/><E106/><V8/><F68/><W85/><G113/><T19/><D12/><U115/><E115/><V71/><F71/><W57/><G21/><T39/><D39/><U45/><E127/><V49/><F65/><W46/><G46/><T23/><D23/><U0/><E0/><V129/><F129/><W7/><AGARI ba="0,0" hai="7,9,15,25,26,54,55,56,57,61,63,85,88,94" machi="7" ten="20,8000,1" yaku="0,1,7,1,9,1,8,1,54,1" doraHai="29" who="3" fromWho="3" sc="250,-40,250,-20,250,-20,250,80" /><INIT seed="1,0,0,5,2,134" ten="210,230,230,330" oya="1" hai0="112,89,39,92,95,26,110,6,2,118,83,114,127" hai1="96,55,8,43,86,1,61,33,100,31,80,3,109" hai2="115,94,41,63,50,54,32,45,88,101,17,76,4" hai3="20,69,107,62,84,44,9,117,113,42,24,66,29"/><U0/><E43/><V10/><F32/><W72/><G72/><T70/><D118/><U38/><E38/><V98/><F115/><W105/><G113/><T47/><D70/><U121/><E121/><V130/><F130/><W57/><G117/><T51/><D39/><U122/><E122/><V34/><F34/><W49/><G9/><T25/><D83/><U87/><E109/><V59/><F76/><W56/><G84/><T52/><D110/><U77/><E8/><V133/><F133/><W81/><G81/><T60/><D60/><U48/><E87/><V74/><F74/><W46/><G46/><T120/><D120/><U58/><E33/><V35/><F35/><W106/><AGARI ba="0,0" hai="20,24,29,42,44,49,56,57,62,66,69,105,106,107" machi="106" ten="30,1100,0" yaku="0,1" doraHai="134" who="3" fromWho="3" sc="210,-3,230,-5,230,-3,330,11" /><INIT seed="2,0,0,5,4,40" ten="207,225,227,341" oya="2" hai0="104,43,17,103,123,98,61,119,75,37,90,5,66" hai1="70,87,32,18,91,118,44,73,129,99,62,95,29" hai2="16,108,27,113,86,107,112,12,48,53,132,46,20" hai3="42,34,124,106,28,21,2,3,35,76,126,97,6"/><V33/><F107/><W125/><G76/><T0/><D123/><U82/><E118/><V83/><F132/><W135/><G135/><T63/><D17/><U39/><E129/><V80/><F108/><W15/><G42/><T105/><D90/><U114/><E114/><V41/><F41/><W60/><G60/><T74/><D119/><U58/><E73/><V121/><F121/><W93/><G106/><T26/><D26/><U133/><E133/><V47/><F47/><W128/><G128/><T92/><D92/><U127/><E127/><V110/><F110/><W30/><G15/><T51/><D51/><U120/><E120/><V84/><F84/><W24/><G28/><T59/><D63/><U64/><E39/><V101/><F101/><N who="3" m="60591" /><G6/><T109/><D109/><U89/><E44/><V111/><F111/><W9/><G9/><T19/><D19/><U36/><E36/><V85/><F85/><W45/><G45/><N who="0" m="23791" /><D105/><U115/><E115/><V54/><F54/><W50/><G50/><T10/><D61/><U23/><E70/><V68/><F68/><W56/><G56/><T122/><D122/><U55/><E32/><AGARI ba="0,0" hai="2,3,21,24,30,32,34,35,124,125,126" m="60591" machi="32" ten="40,1300,0" yaku="18,1" doraHai="40" who="3" fromWho="1" sc="207,0,225,-13,227,0,341,13" /><INIT seed="3,0,0,5,1,45" ten="207,212,227,354" oya="3" hai0="129,26,68,104,22,1,6,30,8,105,35,122,66" hai1="60,17,79,102,70,135,33,95,84,69,14,48,29" hai2="125,76,127,86,36,2,116,83,7,110,72,92,78" hai3="42,59,25,58,99,62,9,12,27,115,20,54,101"/><W38/><G38/><T87/><D122/><U96/><E135/><V126/><F116/><W21/><G42/><T134/><D134/><U97/><E33/><V121/><F110/><W128/><G58/><T118/><D118/><U56/><E29/><V46/><F121/><W112/><G128/><T28/><D129/><U43/><E96/><V71/><F71/><W107/><G21/><T37/><D37/><U106/><E106/><V0/><F7/><W98/><G98/><T13/><D87/><U124/><E124/><V23/><F23/><W53/><G53/><T108/><D108/><U15/><E70/><V131/><F131/><W19/><G25/><T32/><D32/><U82/><E69/><V39/><F92/><W94/><G94/><T133/><D133/><U63/><E43/><N who="2" m="22887" /><F39/><W114/><G114/><T120/><D120/><U16/><E15/><V31/><F31/><AGARI ba="0,0" hai="9,12,19,20,27,31,54,59,62,99,101,107,112,115" machi="31" ten="30,1500,0" yaku="7,1" doraHai="45" who="3" fromWho="2" sc="207,0,212,0,227,-15,354,15" owari="207,-29,212,1,212,-19,369,47" /></mjloggm>