<mjloggm ver="2.3"><GO type="225"/><UN n0="%E3%81%B3%E3%82%8A%E3%81%B3%E3%82%8A%E2%98%86%E3%83%93%E3%83%AA%E3%83%BC" n1="%E8%88%9E%E3%81%84%E9%99%8D%E3%82%8A%E3%81%9F%E8%BD%9F" n2="%E7%9C%9F%E9%BE%8D%E2%80%A6" n3="%E7%89%99%E6%B1%AA" dan="16,17,17,17" rate="2144,2062,2127,2121" sx="M,M,F,M"/><TAIKYOKU oya="0"/><INIT seed="0,0,0,5,4,15" ten="250,250,250,250" oya="0" hai0="5,93,61,60,46,55,27,49,112,128,87,89,84" hai1="57,90,92,126,68,131,26,69,62,120,31,65,104" hai2="38,71,47,73,22,123,103,14,117,129,67,74,99" hai3="83,127,122,44,108,11,101,113,13,4,105,94,2"/><T124/><D112/><U39/><E120/><V52/><F123/><W53/><G113/><T70/><D128/><U43/><E104/><V21/><F129/><W82/><G122/><T45/><D124/><U10/><E131/><V20/><F117/><W91/><G127/><T97/><D5/><U95/><E126/><V76/><F71/><W72/><G108/><T23/><D46/><U100/><E39/><V59/><F67/><W16/><G72/><T41/><D70/><U17/><E43/><V8/><F47/><W37/><G101/><T24/><D24/><U114/><E114/><V64/><F64/><W111/><G111/><T42/><D42/><U133/><E133/><V118/><F76/><W1/><G105/><T88/><D89/><U109/><E109/><V30/><F38/><W29/><G29/><T116/><D116/><U63/><E63/><N who="0" m="24137" /><D41/><U18/><E10/><V34/><F34/><W96/><G37/><T28/><AGARI ba="0,0" hai="23,27,28,45,49,55,84,87,88,93,97" m="24137" machi="28" ten="30,3000,0" yaku="8,1,54,1" doraHai="15" who="0" fromWho="0" sc="250,30,250,-10,250,-10,250,-10" /><INIT seed="0,1,0,4,0,37" ten="280,240,240,240" oya="0" hai0="11,30,12,131,122,77,89,94,52,32,127,78,50" hai1="64,26,60,42,22,23,34,62,69,75,45,27,21" hai2="81,39,83,65,121,0,96,108,90,130,82,103,119" hai3="6,54,93,28,53,134,99,112,14,49,117,104,102"/><T100/><D122/><U118/><E118/><V41/><F121/><W133/><G112/><T76/><D131/><U2/><E2/><V17/><F0/><W70/><G70/><T125/><D100/><U38/><E75/><V48/><F130/><W59/><G117/><T129/><D129/><U109/><E109/><V123/><F123/><W4/><G28/><T19/><D30/><U7/><E7/><V46/><F108/><W68/><G68/><T92/><D32/><U63/><E34/><V132/><F132/><N who="3" m="50795" /><G14/><T84/><REACH who="0" step="1"/><D94/><REACH who="0" step="2"/><U15/><REACH who="1" step="1"/><E15/><REACH who="1" step="2"/><V25/><F119/><W74/><G104/><T87/><D87/><U106/><E106/><V56/><F103/><W80/><G74/><T18/><D18/><U98/><E98/><V40/><F96/><W35/><G35/><T55/><D55/><U3/><E3/><V97/><F97/><W79/><G54/><T86/><D86/><U115/><E115/><V120/><F120/><W16/><G80/><T10/><D10/><U110/><E110/><V124/><F83/><W13/><G79/><T47/><AGARI ba="1,2" hai="11,12,19,47,50,52,76,77,78,84,89,92,125,127" machi="47" ten="30,11700,0" yaku="1,1,0,1,54,1,53,1" doraHai="37" doraHaiUra="91" who="0" fromWho="0" sc="270,140,230,-40,240,-40,240,-40" /><INIT seed="0,2,0,2,5,63" ten="410,190,200,200" oya="0" hai0="42,3,120,115,25,124,9,125,16,74,56,105,36" hai1="88,54,14,106,89,43,95,134,127,12,92,98,91" hai2="17,10,113,81,100,121,31,15,8,33,1,93,82" hai3="52,23,130,37,28,103,32,114,132,77,5,53,99"/><T13/><D115/><U84/><E134/><V22/><F113/><W108/><G114/><T94/><D105/><U117/><E117/><V70/><F121/><W60/><G32/><T76/><D120/><U68/><E127/><N who="0" m="48713" /><D3/><U57/><E68/><V47/><F70/><W61/><G37/><T135/><D135/><U72/><E72/><V129/><F129/><W96/><G130/><T27/><D94/><N who="1" m="54567" /><E43/><V19/><F47/><W111/><G132/><T50/><D36/><U80/><E80/><V118/><F118/><W85/><G5/><T7/><D7/><U49/><E106/><V29/><F100/><W2/><G2/><T38/><D38/><U67/><E67/><V116/><F93/><W90/><G77/><T79/><D42/><U66/><E66/><V123/><F82/><W75/><G75/><T104/><D104/><U20/><E20/><V65/><F65/><W126/><G126/><T51/><D76/><U131/><E131/><V69/><F81/><W101/><G23/><T58/><D79/><U86/><AGARI ba="2,0" hai="12,14,49,54,57,86,88,91,92,95,98" m="54567" machi="86" ten="30,2000,0" yaku="8,1,54,1" doraHai="63" who="1" fromWho="1" sc="410,-12,190,26,200,-7,200,-7" /><INIT seed="1,0,0,0,5,114" ten="398,216,193,193" oya="1" hai0="131,10,53,14,87,117,30,27,112,110,92,57,52" hai1="7,5,12,49,106,44,39,13,77,109,76,96,83" hai2="45,28,119,6,11,64,126,132,42,120,15,135,88" hai3="50,113,115,124,62,89,127,84,17,122,80,54,75"/><U16/><E39/><V37/><F120/><W116/><G122/><T32/><D110/><U73/><E109/><V103/><F64/><W125/><G62/><T129/><D112/><N who="3" m="43081" /><G17/><T65/><D65/><U9/><E77/><V20/><F103/><W91/><G75/><T121/><D121/><U21/><E106/><V71/><F71/><W19/><G19/><N who="0" m="8663" /><D87/><U51/><E96/><V82/><F126/><N who="3" m="32259" /><W72/><DORA hai="95" /><G72/><T60/><D92/><U23/><E5/><V69/><F69/><W99/><G116/><T26/><D26/><U133/><E133/><N who="2" m="51275" /><F20/><W102/><G54/><N who="0" m="33847" /><D117/><U66/><E66/><V34/><F28/><W68/><G50/><T3/><D3/><U56/><E56/><V93/><F34/><W38/><G68/><T29/><D29/><U47/><E51/><V67/><F67/><W31/><G38/><T43/><D43/><U25/><E49/><V41/><F41/><W1/><G31/><AGARI ba="0,0" hai="7,9,12,13,16,21,23,25,31,44,47,73,76,83" machi="31" ten="30,2900,0" yaku="7,1,54,1" doraHai="114,95" who="1" fromWho="3" sc="398,0,216,29,193,0,193,-29" /><INIT seed="1,1,0,5,2,130" ten="398,245,193,164" oya="1" hai0="29,117,67,60,9,85,87,40,43,111,114,91,50" hai1="41,97,115,56,32,59,55,119,96,132,20,6,135" hai2="126,25,66,68,37,51,93,2,62,11,31,14,35" hai3="112,106,21,99,78,33,124,19,74,80,64,71,46"/><U28/><E115/><V131/><F126/><W109/><G112/><T89/><D117/><U98/><E119/><V36/><F131/><W77/><G109/><T82/><D111/><U8/><E32/><V76/><F76/><W27/><G124/><T105/><D105/><U39/><E39/><V122/><F122/><W3/><G3/><T26/><D9/><U53/><E41/><V57/><F2/><W47/><G78/><T0/><D50/><U86/><E86/><V45/><F93/><W22/><G33/><T129/><D0/><U42/><E42/><V65/><F65/><W18/><G71/><T48/><D48/><U133/><E28/><V61/><F61/><W127/><G64/><T24/><D129/><U4/><E20/><V134/><F134/><W92/><G106/><T81/><D114/><U72/><E72/><V13/><F13/><W75/><G75/><T73/><D73/><U90/><E90/><V63/><F63/><W118/><G118/><T83/><D83/><U125/><E125/><V107/><F107/><W110/><G110/><T49/><D49/><N who="1" m="30767" /><E8/><V123/><F123/><W17/><G127/><T128/><D128/><U101/><E101/><V30/><F30/><W79/><G79/><T38/><D38/><U121/><E121/><V88/><F88/><W102/><REACH who="3" step="1"/><G17/><REACH who="3" step="2"/><T16/><D16/><U7/><E4/><V58/><F68/><W44/><G44/><T95/><D29/><U108/><E108/><V54/><F45/><W52/><G52/><T100/><D43/><U113/><E113/><V103/><F103/><W12/><AGARI ba="1,1" hai="12,18,19,21,22,27,46,47,74,77,80,92,99,102" machi="12" ten="20,8000,1" yaku="1,1,5,1,0,1,7,1,53,1" doraHai="130" doraHaiUra="10" who="3" fromWho="3" sc="398,-21,245,-41,193,-21,154,93" /><INIT seed="2,0,0,4,5,102" ten="377,204,172,247" oya="2" hai0="135,56,131,125,78,4,112,29,94,51,48,28,127" hai1="121,108,83,63,120,27,45,110,9,107,134,85,93" hai2="15,0,38,79,92,82,76,13,99,3,84,62,10" hai3="114,50,17,97,34,98,81,128,35,1,7,43,33"/><V103/><F38/><W118/><G118/><T129/><D112/><U31/><E134/><V53/><F76/><W60/><G128/><N who="0" m="49227" /><D4/><U58/><E45/><V47/><F13/><W74/><G60/><T61/><D78/><N who="1" m="46327" /><E9/><V73/><F73/><W87/><G74/><T16/><D94/><U111/><E93/><V36/><F62/><W23/><G7/><T59/><D16/><U40/><E40/><V22/><F22/><W69/><G1/><T105/><D105/><U88/><E88/><V12/><F12/><W130/><G69/><T6/><D6/><U55/><E107/><V20/><F20/><AGARI ba="0,0" hai="20,27,31,55,58,63,108,110,111,120,121" m="46327" machi="20" ten="30,1000,0" yaku="14,1" doraHai="102" who="1" fromWho="2" sc="377,0,204,10,172,-10,247,0" /><INIT seed="3,0,0,1,4,40" ten="377,214,162,247" oya="3" hai0="54,70,97,82,56,32,66,76,10,14,48,51,17" hai1="30,123,18,67,22,29,126,91,119,106,128,135,113" hai2="21,96,90,59,77,80,36,109,53,69,89,93,2" hai3="45,101,12,3,117,86,78,116,99,11,64,92,88"/><W72/><G3/><T71/><D32/><U31/><E106/><V125/><F109/><W65/><G65/><T63/><D97/><U102/><E102/><V95/><F125/><W68/><G68/><T85/><D51/><U57/><E123/><V5/><F69/><AGARI ba="0,0" hai="10,14,17,48,54,56,63,66,69,70,71,76,82,85" machi="69" ten="30,1000,0" yaku="7,1" doraHai="40" who="0" fromWho="2" sc="377,10,214,0,162,-10,247,0" owari="387,49,214,-19,152,-35,247,5" /></mjloggm>