<mjloggm ver="2.3"><GO type="225"/><UN n0="%E6%A1%9C%E7%8E%8B%E5%A5%B3" n1="%E5%A4%A9%E7%A9%BA%E3%81%AE%E7%99%BD%E3%82%82%E3%82%93%E3%81%9F" n2="%E3%81%BF%E3%81%A3%E3%81%A4%E3%81%83%EF%BD%9E" n3="%E3%83%9E%E3%83%BC%E3%82%AF%EF%BC%92" dan="17,16,17,17" rate="2195,2052,2118,2115" sx="F,M,F,M"/><TAIKYOKU oya="0"/><INIT seed="0,0,0,0,4,24" ten="250,250,250,250" oya="0" hai0="85,115,70,16,116,88,78,46,64,71,2,110,13" hai1="21,94,40,1,17,81,60,65,8,87,10,118,105" hai2="22,62,56,12,5,101,96,134,107,38,25,131,44" hai3="103,36,83,43,27,108,52,53,11,106,57,74,122"/><T23/><D116/><U126/><E105/><V50/><F131/><W120/><G108/><T15/><D2/><U119/><E126/><V39/><F134/><W41/><G11/><T79/><D115/><U72/><E40/><V63/><F12/><W4/><G4/><T7/><D110/><U73/><E10/><V37/><F5/><W6/><G6/><T89/><D46/><U97/><E8/><V59/><F56/><W80/><G27/><T113/><D113/><U61/><E1/><V35/><F35/><W92/><G106/><T67/><D7/><U91/><E73/><V68/><F59/><W84/><G74/><T3/><D3/><U112/><E72/><V100/><F100/><W114/><G114/><T128/><D128/><U132/><E132/><V130/><F68/><W42/><G36/><T99/><D13/><U98/><E112/><V90/><F90/><N who="3" m="53319" /><G53/><T66/><D70/><U0/><E0/><V54/><REACH who="2" step="1"/><F130/><REACH who="2" step="2"/><W123/><G103/><T75/><D71/><U29/><E119/><V48/><F48/><AGARI ba="0,1" hai="41,42,43,48,52,57,80,83,120,122,123" m="53319" machi="48" ten="40,2600,0" yaku="13,1,54,1" doraHai="24" who="3" fromWho="2" sc="250,0,250,0,240,-26,250,36" /><INIT seed="1,0,0,0,5,91" ten="250,250,214,286" oya="1" hai0="37,19,120,94,127,85,7,88,33,54,128,102,63" hai1="78,49,98,58,80,28,81,73,44,108,22,10,64" hai2="62,114,55,26,132,130,92,43,84,12,48,29,17" hai3="57,30,96,16,71,24,116,56,34,86,38,101,51"/><U36/><E36/><V126/><F130/><W50/><G116/><T100/><D128/><U15/><E81/><V117/><F132/><W61/><G38/><T93/><D33/><U99/><E108/><V27/><F126/><W5/><G5/><T76/><D37/><U133/><E133/><V20/><F117/><W69/><G86/><N who="0" m="52375" /><D7/><U2/><E2/><V25/><F114/><W134/><G134/><T103/><D127/><U9/><E58/><V67/><F43/><W118/><G118/><T42/><D42/><U39/><E64/><V40/><F40/><W41/><G41/><T8/><D120/><U97/><E39/><V0/><F0/><W110/><G110/><T83/><D63/><U129/><E129/><V131/><F131/><W119/><G119/><T124/><D54/><N who="1" m="29991" /><E28/><V4/><F4/><W45/><G71/><T121/><D121/><U115/><E115/><V111/><F111/><W47/><G69/><T109/><D124/><U23/><E10/><V1/><F1/><W3/><G3/><T75/><D75/><U21/><E9/><V65/><F62/><W106/><G61/><T104/><D104/><U82/><E15/><V89/><F29/><W52/><G50/><T123/><D123/><U112/><E112/><V70/><F70/><W95/><G106/><T90/><D109/><U74/><E74/><V46/><AGARI ba="0,0" hai="12,17,20,25,26,27,46,48,55,65,67,84,89,92" machi="46" ten="30,4000,0" yaku="0,1,8,1,52,1" doraHai="91" who="2" fromWho="2" sc="250,-10,250,-20,214,40,286,-10" /><INIT seed="2,0,0,5,5,93" ten="240,230,254,276" oya="2" hai0="79,60,84,65,50,46,40,9,31,113,22,81,45" hai1="4,106,54,24,64,92,96,18,37,89,90,108,121" hai2="103,48,13,102,14,99,5,69,44,20,41,83,131" hai3="10,35,119,28,21,91,16,51,123,0,117,82,109"/><V94/><F69/><W34/><G123/><T111/><D113/><U58/><E121/><V73/><F131/><W33/><G109/><T104/><D104/><U86/><E106/><V61/><F73/><W23/><G51/><T101/><D101/><U128/><E37/><V72/><F72/><W57/><G57/><N who="0" m="37007" /><D111/><U8/><E108/><V75/><F75/><W80/><G91/><T25/><D45/><U110/><E110/><V32/><F32/><W2/><G82/><T63/><D63/><U85/><E128/><V105/><F83/><W78/><G80/><T77/><D9/><U68/><E64/><V11/><F105/><W56/><G56/><T134/><D134/><U42/><E42/><V98/><F61/><W3/><G78/><AGARI ba="0,0" hai="22,25,31,40,46,50,77,78,79,81,84" m="37007" machi="78" ten="30,1000,0" yaku="8,1" doraHai="93" who="0" fromWho="3" sc="240,10,230,0,254,0,276,-10" /><INIT seed="3,0,0,4,3,118" ten="250,230,254,266" oya="3" hai0="35,77,93,95,0,38,76,6,110,33,39,90,50" hai1="44,54,47,3,51,59,70,107,58,103,85,8,1" hai2="63,67,97,74,12,17,22,24,60,52,92,112,55" hai3="88,21,131,37,71,23,105,80,111,53,79,57,10"/><W121/><G71/><T99/><D6/><U98/><E70/><V28/><F74/><W9/><G37/><T15/><D0/><U116/><E116/><V119/><F112/><W4/><G105/><T65/><D65/><U25/><E3/><V31/><F119/><W48/><G121/><T41/><D15/><U117/><E117/><V132/><F31/><W84/><G131/><T122/><D122/><U62/><E85/><V49/><F132/><W32/><G32/><T133/><D133/><U129/><E129/><V128/><F128/><W101/><G111/><T115/><D115/><U75/><E75/><V127/><F127/><W126/><G126/><T69/><D69/><U108/><E108/><V113/><F113/><W83/><G101/><T16/><D38/><U120/><E25/><V13/><F13/><W66/><G66/><T68/><D39/><U123/><E47/><V14/><F14/><N who="3" m="5415" /><G10/><T96/><D68/><U40/><REACH who="1" step="1"/><E59/><REACH who="1" step="2"/><N who="2" m="33167" /><F67/><W5/><G5/><AGARI ba="0,1" hai="1,5,8,40,44,51,54,58,62,98,103,107,120,123" machi="5" ten="40,5200,0" yaku="1,1,52,2,53,0" doraHai="118" doraHaiUra="130" who="1" fromWho="3" sc="250,0,220,62,254,0,266,-52" /><INIT seed="4,0,0,3,2,45" ten="250,282,254,214" oya="0" hai0="83,86,123,62,18,2,12,36,99,106,59,74,88" hai1="42,80,15,90,69,110,34,65,72,118,112,29,73" hai2="116,60,51,19,102,76,70,57,41,111,115,77,49" hai3="61,93,97,9,117,4,130,128,21,100,135,23,89"/><T91/><D2/><U54/><E118/><V129/><F70/><W78/><G117/><T109/><D36/><U31/><E110/><V5/><F111/><W58/><G135/><T3/><D3/><U68/><E42/><V33/><F33/><W66/><G78/><N who="2" m="30313" /><F41/><W39/><G39/><T104/><D74/><U17/><E73/><V134/><F116/><W48/><G89/><T50/><D123/><U55/><E72/><V121/><F121/><W92/><G92/><N who="0" m="56735" /><D104/><U25/><E31/><V113/><F5/><W79/><G79/><T105/><D106/><U28/><E28/><V40/><F40/><W13/><REACH who="3" step="1"/><G48/><REACH who="3" step="2"/><N who="2" m="18505" /><F134/><W16/><G16/><T87/><D109/><U124/><E17/><V131/><F19/><W8/><G8/><N who="0" m="6407" /><D105/><U107/><E107/><V43/><F102/><W32/><G32/><T22/><D50/><U133/><E34/><V67/><F43/><W84/><G84/><N who="0" m="50207" /><D22/><AGARI ba="0,1" hai="4,9,13,21,22,23,58,61,66,93,97,100,128,130" machi="22" ten="40,1300,0" yaku="1,1,53,0" doraHai="45" doraHaiUra="85" who="3" fromWho="0" sc="250,-13,282,0,254,0,204,23" /><INIT seed="5,0,0,3,3,44" ten="237,282,254,227" oya="1" hai0="24,38,133,33,43,59,63,106,30,99,115,86,80" hai1="83,23,70,22,55,25,81,56,75,40,100,97,10" hai2="34,4,31,110,112,37,122,36,103,14,47,108,28" hai3="131,67,124,90,104,129,26,121,52,60,41,13,12"/><U2/><E70/><V50/><F122/><W39/><G121/><T134/><D115/><U77/><E40/><N who="2" m="24935" /><F34/><W66/><G104/><T11/><D11/><U69/><E69/><V135/><F37/><W1/><G1/><T49/><D38/><U61/><E83/><V16/><F36/><W128/><G124/><T18/><D18/><U15/><E2/><V118/><F118/><W51/><G26/><T6/><D6/><U71/><E71/><V91/><F103/><W127/><G127/><T84/><D99/><U27/><E25/><V126/><F126/><W0/><G0/><T45/><D106/><U94/><REACH who="1" step="1"/><E27/><REACH who="1" step="2"/><V32/><F112/><W132/><G132/><N who="0" m="50795" /><D80/><U95/><E95/><V46/><F135/><W42/><G39/><T85/><D85/><U17/><AGARI ba="0,1" hai="10,15,17,22,23,55,56,61,75,77,81,94,97,100" machi="17" ten="20,3900,0" yaku="1,1,0,1,7,1,53,0" doraHai="44" doraHaiUra="87" who="1" fromWho="1" sc="237,-13,272,49,254,-13,227,-13" owari="224,-18,321,43,241,4,214,-29" /></mjloggm>