<mjloggm ver="2.3"><GO type="225"/><UN n0="%E3%82%B2%E3%83%AB%E3%83%8B%E3%82%AB" n1="%E3%81%BF%E3%81%A3%E3%81%A4%E3%81%83%EF%BD%9E" n2="%6B%79%6F%6E%6B%6F%31%31" n3="%E3%81%A4%E3%82%8B%EF%BC%A0" dan="16,17,17,16" rate="2148,2181,2104,2029" sx="M,F,M,M"/><TAIKYOKU oya="0"/><INIT seed="0,0,0,5,0,4" ten="250,250,250,250" oya="0" hai0="82,113,74,56,30,92,59,89,64,57,50,71,108" hai1="1,94,115,121,36,10,6,19,25,33,70,65,73" hai2="28,111,68,126,133,27,51,45,107,127,21,58,91" hai3="120,3,109,48,39,5,22,75,110,46,43,118,98"/><T63/><D113/><U49/><E121/><V40/><F68/><W55/><G118/><T61/><D30/><U20/><E36/><V79/><F107/><W116/><G116/><T67/><D108/><N who="3" m="41577" /><G120/><T15/><D50/><U97/><E115/><V78/><F111/><W122/><G122/><T131/><D131/><U35/><E73/><V24/><F133/><W60/><G75/><T18/><D82/><U135/><E135/><V117/><F117/><W85/><G85/><T119/><D74/><U103/><REACH who="1" step="1"/><E49/><REACH who="1" step="2"/><V104/><F126/><W101/><G48/><T76/><D119/><U11/><E11/><V7/><F127/><W134/><G134/><T129/><D129/><U87/><E87/><V34/><F51/><W47/><G39/><T8/><REACH who="0" step="1"/><D76/><REACH who="0" step="2"/><U86/><E86/><AGARI ba="0,2" hai="8,15,18,56,57,59,61,63,64,67,71,86,89,92" machi="86" ten="30,12000,1" yaku="1,1,2,1,7,1,52,1,53,1" doraHai="4" doraHaiUra="14" who="0" fromWho="1" sc="240,140,240,-120,250,0,250,0" /><INIT seed="0,1,0,0,5,28" ten="380,120,250,250" oya="0" hai0="120,21,57,119,14,76,101,33,77,46,96,113,31" hai1="27,32,111,87,42,52,92,35,81,62,25,90,129" hai2="29,95,4,93,86,127,23,64,30,135,16,43,109" hai3="110,5,13,34,123,58,39,125,61,91,20,134,105"/><T73/><D120/><U130/><E42/><V83/><F109/><W59/><G105/><T19/><D113/><U36/><E36/><V74/><F74/><W71/><G39/><T24/><D119/><U40/><E40/><V51/><F127/><W50/><G110/><T1/><D1/><U11/><E111/><V38/><F38/><W17/><G125/><T126/><D126/><U68/><E11/><V100/><F135/><W3/><G134/><T56/><D46/><U26/><E68/><V65/><F4/><W121/><G91/><T45/><D45/><U102/><E102/><V128/><F128/><N who="1" m="49257" /><E92/><N who="2" m="35403" /><F100/><W70/><G34/><N who="1" m="12842" /><E62/><V89/><F43/><W98/><G98/><T103/><D103/><U133/><E133/><V53/><F64/><W67/><G71/><T132/><D132/><U48/><E26/><N who="2" m="14695" /><F65/><W122/><REACH who="3" step="1"/><G50/><REACH who="3" step="2"/><T116/><D96/><U75/><E75/><V22/><F51/><W47/><G47/><AGARI ba="1,1" hai="25,27,47,48,52,81,87,90" m="12842,49257" machi="47" ten="30,8000,1" yaku="19,1,52,3,54,1" doraHai="28" who="1" fromWho="3" sc="380,0,120,93,250,0,240,-83" /><INIT seed="1,0,0,5,2,131" ten="380,213,250,157" oya="1" hai0="16,78,64,83,6,33,124,42,99,86,101,53,106" hai1="61,128,81,107,34,39,76,51,103,94,2,8,37" hai2="114,48,118,60,31,95,10,69,120,111,85,58,57" hai3="130,50,5,0,126,4,77,47,1,116,66,19,125"/><U91/><E34/><V24/><F118/><W13/><G77/><T102/><D33/><U25/><E128/><V32/><F120/><W67/><G116/><T71/><D102/><U30/><E61/><V17/><F114/><W22/><G130/><T68/><D6/><N who="3" m="2665" /><G47/><T63/><D42/><U84/><E2/><N who="3" m="1130" /><G50/><T74/><D124/><AGARI ba="0,0" hai="13,19,22,66,67,124,125,126" m="1130,2665" machi="124" ten="30,1000,0" yaku="18,1" doraHai="131" who="3" fromWho="0" sc="380,-10,213,0,250,0,157,10" /><INIT seed="2,0,0,1,1,16" ten="370,213,250,167" oya="2" hai0="52,89,27,2,20,50,132,54,36,69,44,49,10" hai1="97,82,80,65,41,113,111,37,116,8,25,99,106" hai2="85,98,43,7,96,6,53,72,26,118,115,112,104" hai3="11,28,84,94,13,90,4,107,88,100,87,86,56"/><V109/><F72/><W78/><G78/><T127/><D36/><U30/><E113/><V5/><F118/><W63/><G107/><T121/><D121/><U33/><E116/><V79/><F43/><W81/><G28/><T101/><D69/><U130/><E111/><V92/><F109/><W19/><G81/><T62/><D101/><U57/><E130/><V103/><F53/><W18/><G100/><T24/><D62/><U125/><E125/><V128/><F128/><W61/><G61/><T131/><D131/><U32/><E8/><V66/><F66/><W123/><G123/><T48/><D127/><U67/><E41/><V134/><F134/><W74/><G74/><T133/><D89/><U14/><E14/><V75/><F96/><W126/><G126/><T120/><D120/><U58/><E25/><V45/><F45/><W91/><REACH who="3" step="1"/><G94/><REACH who="3" step="2"/><T122/><D122/><U119/><E30/><V29/><F75/><W34/><G34/><T135/><D133/><U117/><E106/><V95/><F95/><W51/><G51/><T105/><D50/><U83/><E82/><V76/><F76/><W9/><G9/><T47/><D105/><U70/><E37/><V68/><F79/><W93/><G93/><T102/><D132/><U22/><E70/><V12/><F68/><W77/><G77/><T31/><D135/><U0/><E83/><V71/><F71/><W38/><G38/><T110/><D110/><U129/><E80/><V40/><F104/><W124/><G124/><T23/><D102/><U59/><E129/><V21/><F103/><W39/><G39/><RYUUKYOKU ba="0,1" sc="370,-10,213,-10,250,-10,157,30" hai3="4,11,13,18,19,56,63,84,86,87,88,90,91" /><INIT seed="3,1,1,0,4,118" ten="360,203,240,187" oya="3" hai0="8,22,65,64,67,87,116,23,110,105,35,62,16" hai1="59,104,0,100,98,75,52,38,32,53,26,58,63" hai2="44,61,49,56,71,127,124,5,6,72,24,36,97" hai3="88,120,115,11,51,128,66,125,81,86,48,77,131"/><W33/><G115/><T15/><D35/><U107/><E0/><V93/><F72/><W91/><G33/><T106/><D116/><U119/><E38/><V73/><F71/><W84/><G120/><T132/><D110/><U109/><E119/><V1/><F36/><W47/><G125/><N who="2" m="48201" /><F24/><W111/><G111/><T68/><D87/><U50/><E109/><V96/><F73/><W129/><G66/><T10/><D132/><U40/><E75/><V46/><F96/><W79/><G11/><T41/><D41/><U80/><E40/><N who="2" m="24711" /><F46/><W3/><G3/><T14/><D67/><U69/><E69/><V39/><F39/><W103/><G103/><T19/><D65/><U17/><E80/><V45/><F45/><W30/><G30/><T42/><D42/><U28/><REACH who="1" step="1"/><E17/><REACH who="1" step="2"/><V133/><F1/><W57/><G57/><T55/><D19/><U18/><E18/><V114/><F114/><W2/><G2/><T4/><D16/><U130/><E130/><V74/><F74/><W95/><REACH who="3" step="1"/><G51/><REACH who="3" step="2"/><T34/><D68/><U37/><E37/><V82/><F56/><W122/><G122/><T92/><D10/><U76/><E76/><V126/><F126/><W25/><G25/><T13/><D8/><U43/><E43/><AGARI ba="1,3" hai="43,47,48,77,79,81,84,86,88,91,95,128,129,131" machi="43" ten="40,7700,0" yaku="1,1,19,1,54,1,53,0" doraHai="118" doraHaiUra="108" who="3" fromWho="1" sc="360,0,193,-80,240,0,177,110" /><INIT seed="3,2,0,0,0,8" ten="360,113,240,287" oya="3" hai0="84,134,23,75,97,62,63,40,67,122,71,15,82" hai1="129,102,111,135,14,5,2,103,130,131,30,27,86" hai2="87,95,24,83,45,94,26,93,57,89,43,69,51" hai3="47,41,53,4,99,34,85,10,92,37,36,81,105"/><W0/><G34/><T66/><D122/><U19/><E86/><V3/><F69/><W58/><G105/><T38/><D75/><U46/><E46/><V100/><F3/><W127/><G127/><T32/><D32/><N who="1" m="20575" /><E103/><V6/><F6/><W116/><G116/><T90/><D134/><U88/><E102/><V21/><F100/><W29/><G29/><T68/><D97/><U20/><E88/><V121/><F121/><W61/><G92/><T7/><D7/><U107/><E107/><V18/><F26/><W50/><REACH who="3" step="1"/><G99/><REACH who="3" step="2"/><T13/><D23/><U70/><E70/><V65/><F94/><W44/><G44/><AGARI ba="2,1" hai="13,15,38,40,44,62,63,66,67,68,71,82,84,90" machi="44" ten="40,5200,0" yaku="9,1,52,2" doraHai="8" who="0" fromWho="3" sc="360,68,113,0,240,0,277,-58" owari="428,43,113,-29,240,-1,219,-13" /></mjloggm>