<mjloggm ver="2.3"><GO type="225"/><UN n0="%E9%8A%80%E9%81%8A%E7%A7%81%E4%BA%BA" n1="%E7%89%99%E6%B1%AA" n2="%E6%A1%9C%E7%8E%8B%E5%A5%B3" n3="%4C%49%54%48%49%55%4D" dan="16,17,17,16" rate="2020,2113,2184,2151" sx="M,M,F,F"/><TAIKYOKU oya="0"/><INIT seed="0,0,0,0,4,17" ten="250,250,250,250" oya="0" hai0="122,135,20,45,9,59,131,64,87,0,65,61,8" hai1="12,35,52,68,69,40,113,41,123,66,90,125,58" hai2="36,37,53,14,128,72,116,34,117,89,97,99,54" hai3="110,11,63,119,13,134,30,7,112,70,127,48,24"/><T73/><D73/><U98/><E123/><V10/><F72/><W38/><G38/><T42/><D122/><U111/><E35/><V109/><F34/><W51/><G112/><T82/><D131/><U86/><E111/><V75/><F75/><W81/><G110/><T96/><D135/><U19/><E125/><V3/><F3/><W84/><G127/><T29/><D65/><U77/><E77/><V101/><F89/><W100/><G100/><T5/><D96/><U57/><E98/><N who="2" m="37387" /><F101/><W85/><G119/><N who="2" m="45641" /><F128/><W93/><G134/><T71/><D71/><U121/><E121/><V83/><F83/><W104/><G70/><T23/><D29/><U115/><E69/><V91/><F91/><W79/><G30/><T47/><D8/><U129/><E68/><V16/><F109/><W28/><G81/><T25/><D25/><U67/><E129/><V132/><F132/><W62/><G24/><T126/><D126/><U50/><E67/><V80/><F80/><W107/><G79/><T21/><REACH who="0" step="1"/><D42/><REACH who="0" step="2"/><U55/><E66/><V60/><F54/><W114/><G28/><T43/><D43/><U4/><E113/><V15/><F53/><W44/><G114/><T78/><AGARI ba="0,1" hai="0,5,9,20,21,23,45,47,59,61,64,78,82,87" machi="78" ten="30,12000,1" yaku="1,1,0,1,52,3,53,0" doraHai="17" doraHaiUra="22" who="0" fromWho="0" sc="240,130,250,-40,250,-40,250,-40" /><INIT seed="0,1,0,2,2,128" ten="370,210,210,210" oya="0" hai0="21,90,83,40,30,26,54,73,93,60,126,0,112" hai1="69,129,18,92,16,125,111,117,9,114,27,108,100" hai2="87,39,24,99,65,7,116,66,82,5,104,10,48" hai3="46,71,72,63,61,81,97,80,29,109,12,42,64"/><T57/><D112/><U13/><E69/><V94/><F39/><W59/><G109/><N who="1" m="42058" /><E100/><N who="2" m="60535" /><F104/><W132/><G72/><T96/><D0/><U28/><E92/><V6/><F10/><W127/><G29/><T37/><D126/><U84/><E84/><V74/><F74/><W89/><G127/><T67/><D37/><U105/><E125/><V121/><F121/><W124/><G124/><T53/><D40/><U34/><E105/><V43/><F24/><W102/><G89/><T133/><D73/><U77/><E77/><N who="2" m="46543" /><F116/><W79/><G79/><T107/><D107/><U135/><E117/><V22/><F22/><W106/><G12/><T47/><D83/><U17/><E129/><V52/><F43/><W75/><G75/><T101/><D90/><U58/><E58/><AGARI ba="1,0" hai="5,6,7,48,52,58,65,66" m="46543,60535" machi="58" ten="30,2000,0" yaku="8,1,54,1" doraHai="128" who="2" fromWho="1" sc="370,0,210,-23,210,23,210,0" /><INIT seed="1,0,0,2,0,69" ten="370,187,233,210" oya="1" hai0="17,64,22,34,11,3,98,60,43,82,76,38,131" hai1="129,13,121,1,112,67,48,5,127,101,20,65,118" hai2="106,59,99,10,80,49,117,123,89,74,54,45,12" hai3="103,116,72,71,47,6,46,78,88,81,21,57,51"/><U120/><E118/><V44/><F123/><W90/><G71/><T18/><D34/><U134/><E1/><V23/><F23/><W62/><G116/><T126/><D126/><U125/><E101/><V94/><F106/><W95/><G6/><T32/><D32/><U114/><E48/><V115/><F115/><N who="1" m="44073" /><E20/><V110/><F110/><W15/><G103/><T36/><D131/><U28/><E28/><V122/><F122/><N who="1" m="47209" /><E13/><V25/><F25/><W26/><G15/><T7/><D43/><U53/><E5/><V55/><F55/><W79/><G51/><T92/><D17/><U83/><E83/><V14/><F14/><W2/><G2/><T37/><D18/><U107/><E107/><V16/><F117/><W87/><G21/><T130/><D22/><U104/><E104/><V56/><F45/><W128/><G46/><T133/><D130/><U108/><E129/><V75/><REACH who="2" step="1"/><F80/><REACH who="2" step="2"/><N who="3" m="47519" /><G47/><T27/><D27/><U35/><E35/><V91/><F91/><W4/><G26/><T33/><D33/><U61/><E108/><V0/><F0/><W85/><G128/><T102/><D3/><U86/><E134/><V39/><F39/><W63/><G90/><T42/><D36/><U119/><E119/><V135/><F135/><W97/><G88/><T68/><D37/><U96/><E96/><V29/><F29/><W70/><G97/><T113/><D38/><U9/><E9/><V40/><F40/><W50/><G81/><T52/><D133/><U30/><E30/><V93/><F93/><W41/><G95/><T111/><D111/><U73/><E53/><RYUUKYOKU ba="0,1" sc="370,-10,187,-10,223,30,210,-10" hai2="10,12,16,44,49,54,56,59,74,75,89,94,99" /><INIT seed="2,1,1,1,3,82" ten="360,177,253,200" oya="2" hai0="117,57,81,24,66,44,83,69,46,12,54,111,98" hai1="60,134,5,36,8,50,76,49,61,105,30,129,115" hai2="130,28,72,34,23,102,32,64,14,42,25,87,22" hai3="109,45,104,84,1,88,51,65,20,101,26,3,106"/><V18/><F72/><W128/><G65/><T112/><D112/><U21/><E36/><V126/><F42/><W113/><G113/><T122/><D122/><U39/><E39/><V47/><F102/><W119/><G119/><T71/><D117/><U103/><E115/><V90/><F126/><W100/><G109/><T58/><D111/><U9/><E129/><V48/><F64/><W96/><G128/><T125/><D66/><U38/><E38/><V2/><F2/><W29/><G101/><T116/><D116/><U53/><E76/><V127/><F127/><W27/><G27/><T10/><D125/><U79/><E79/><V114/><F130/><W118/><G106/><T133/><D133/><U131/><E134/><V41/><REACH who="2" step="1"/><F114/><REACH who="2" step="2"/><W89/><G118/><T120/><D120/><U121/><E131/><V78/><F78/><W80/><G89/><T33/><D71/><U4/><E121/><V73/><F73/><W6/><G6/><T63/><D69/><U86/><E103/><V35/><F35/><W135/><G135/><T56/><D33/><U31/><E105/><V93/><AGARI ba="1,2" hai="14,18,22,23,25,28,32,34,41,47,48,87,90,93" machi="93" ten="20,12000,1" yaku="1,1,0,1,7,1,52,1,53,1" doraHai="82" doraHaiUra="43" who="2" fromWho="2" sc="360,-41,177,-41,243,143,200,-41" /><INIT seed="2,2,0,5,5,52" ten="319,136,386,159" oya="2" hai0="21,49,60,123,99,73,13,6,19,88,129,113,5" hai1="10,131,64,63,30,11,97,98,47,44,45,42,77" hai2="74,46,83,61,27,78,12,33,95,91,94,36,48" hai3="122,121,124,39,134,69,132,75,26,130,38,1,16"/><V128/><F36/><W58/><G69/><T65/><D113/><U111/><E111/><V25/><F128/><W23/><G75/><T34/><D123/><U54/><E131/><V79/><F79/><W0/><G130/><T71/><D129/><U119/><E119/><V8/><F61/><W135/><G124/><T114/><D114/><U90/><E77/><V96/><F94/><W109/><G109/><T32/><D73/><U81/><E30/><V112/><F33/><W9/><G0/><T50/><D32/><U104/><E104/><V62/><F62/><W67/><G39/><T41/><D34/><U70/><E42/><V126/><F126/><W102/><G102/><T22/><D22/><U125/><E125/><V2/><F2/><W108/><G38/><T107/><D107/><U100/><E100/><V68/><F68/><W92/><G92/><T40/><D99/><N who="1" m="37899" /><E70/><V127/><F112/><W53/><G108/><T18/><D41/><U106/><E64/><V101/><F101/><W103/><G67/><T57/><D40/><U31/><E31/><V35/><F35/><W72/><G72/><T87/><D71/><U85/><E106/><V110/><F110/><W24/><G103/><T3/><D3/><U14/><E14/><V120/><F120/><W105/><G105/><T84/><D84/><U86/><E85/><V118/><F118/><W93/><G122/><T117/><D117/><U15/><E15/><V59/><F127/><W76/><G121/><T20/><D5/><U28/><E28/><V82/><F74/><W133/><G134/><T51/><D6/><RYUUKYOKU ba="2,0" sc="319,-10,136,30,386,-10,159,-10" hai1="10,11,44,45,47,54,63,81,86,90" /><INIT seed="3,3,0,1,2,112" ten="309,166,376,149" oya="3" hai0="10,80,8,46,57,7,42,108,23,110,36,19,2" hai1="89,114,107,5,31,134,83,27,135,51,121,18,102" hai2="16,6,56,123,47,122,3,39,119,62,58,25,53" hai3="61,72,63,73,67,98,94,28,87,26,105,14,54"/><W113/><G113/><T59/><D10/><U118/><E114/><V81/><F119/><W133/><G105/><T124/><D124/><U40/><E121/><N who="2" m="46091" /><F81/><W65/><G54/><T33/><D33/><U96/><E118/><V69/><F6/><W12/><G87/><T60/><D80/><U43/><E18/><V41/><F3/><W125/><G125/><T11/><D11/><U48/><E5/><V0/><F0/><W99/><G133/><N who="1" m="50698" /><E89/><V38/><F58/><W103/><G99/><T84/><D84/><U30/><E83/><V101/><F101/><W37/><G37/><T79/><D79/><U88/><E88/><V49/><F69/><W117/><G117/><T85/><D85/><U131/><E131/><V1/><F1/><W93/><G28/><N who="1" m="10794" /><E27/><V116/><F116/><W120/><G26/><N who="0" m="14719" /><D60/><U44/><E40/><V97/><F97/><W78/><G120/><T129/><D129/><U24/><E24/><V35/><F35/><W20/><G78/><T100/><D100/><U55/><E55/><V68/><F68/><W82/><G82/><T126/><D126/><U71/><E71/><V21/><AGARI ba="3,0" hai="16,21,25,38,39,41,47,49,53,56,62" m="46091" machi="21" ten="30,2000,0" yaku="13,1,54,1" doraHai="112" who="2" fromWho="2" sc="309,-8,166,-8,376,29,149,-13" owari="301,10,158,-24,405,50,136,-36" /></mjloggm>