<mjloggm ver="2.3"><GO type="225"/><UN n0="%E7%99%BE%E5%90%88%E5%A5%BD%E3%81%8D%21" n1="%E9%9D%92%E5%B1%B1%E5%AD%A6%E9%99%A2%EF%BC%94%E5%B9%B4" n2="%E3%83%98%E3%83%9C%EF%BC%A0%E6%9D%B1%E9%A2%A8" n3="%6D%61%63%6A%72" dan="16,17,16,16" rate="2091,2053,2082,2047" sx="M,F,M,F"/><TAIKYOKU oya="0"/><INIT seed="0,0,0,3,0,68" ten="250,250,250,250" oya="0" hai0="36,15,124,41,104,70,29,66,38,86,20,117,69" hai1="129,48,105,0,13,100,131,52,82,23,132,39,101" hai2="14,35,130,110,109,9,57,55,26,118,5,49,10" hai3="128,119,89,11,62,90,32,28,51,111,42,12,125"/><T65/><D104/><U6/><E0/><V18/><F130/><N who="1" m="49673" /><E132/><V84/><F118/><W76/><G128/><T95/><D117/><U92/><E105/><V103/><F103/><W127/><G119/><T71/><D41/><U7/><E82/><V24/><F84/><W3/><G3/><T116/><D116/><U123/><E123/><V73/><F73/><W58/><G111/><N who="2" m="42505" /><F35/><W33/><G76/><T61/><D124/><N who="3" m="47689" /><G51/><T88/><D65/><U60/><E60/><V56/><F56/><W126/><G42/><T74/><D74/><U113/><E113/><V107/><F107/><W106/><G106/><T80/><D80/><U81/><E81/><V114/><F114/><W135/><G135/><T98/><D98/><N who="1" m="59463" /><E101/><V37/><F37/><W40/><G40/><T2/><D2/><AGARI ba="0,0" hai="2,5,9,10,14,18,24,26,49,55,57" m="42505" machi="2" ten="30,1000,0" yaku="14,1" doraHai="68" who="2" fromWho="0" sc="250,-10,250,0,250,10,250,0" /><INIT seed="1,0,0,3,2,59" ten="240,250,260,250" oya="1" hai0="45,36,131,58,18,27,25,44,3,120,129,84,117" hai1="115,10,130,64,49,100,31,112,74,30,108,23,35" hai2="53,63,13,119,11,69,37,5,55,128,15,29,6" hai3="16,33,66,52,106,134,47,26,99,28,54,38,75"/><U107/><E74/><V68/><F128/><N who="0" m="49226" /><D3/><U7/><E130/><V94/><F37/><W43/><G75/><T89/><D120/><U51/><E35/><V80/><F119/><W91/><G134/><T109/><D117/><U121/><E121/><V105/><F105/><W12/><G66/><T71/><D71/><U113/><E108/><V83/><F29/><W125/><G125/><T127/><D127/><U118/><E118/><V46/><F46/><W87/><G99/><T126/><D126/><U21/><E64/><V19/><F94/><W72/><G106/><T1/><D1/><U79/><E79/><V76/><F5/><W34/><G72/><T93/><D109/><U14/><E23/><V39/><F39/><W48/><G38/><T22/><D36/><U41/><E41/><V123/><F123/><W70/><G70/><T24/><D58/><U4/><E4/><V103/><F103/><W50/><G50/><T96/><D96/><U73/><E73/><V65/><F69/><W32/><G32/><T95/><D95/><U132/><E132/><V82/><REACH who="2" step="1"/><F76/><REACH who="2" step="2"/><W97/><G33/><T42/><D42/><U62/><E107/><V56/><F56/><W88/><G97/><T2/><D2/><U111/><E111/><V133/><F133/><W110/><G110/><T61/><D44/><U116/><E116/><V20/><AGARI ba="0,1" hai="6,11,13,15,19,20,53,55,63,65,68,80,82,83" machi="20" ten="30,4000,0" yaku="1,1,0,1,52,1,53,0" doraHai="59" doraHaiUra="92" who="2" fromWho="2" sc="240,-10,250,-20,250,50,250,-10" /><INIT seed="2,0,0,4,5,41" ten="230,230,300,240" oya="2" hai0="42,27,115,110,30,74,44,123,102,18,72,47,105" hai1="8,9,76,118,35,3,7,77,101,92,120,50,111" hai2="54,19,126,33,80,65,133,108,16,99,78,84,22" hai3="71,49,135,10,14,81,21,97,107,61,32,62,13"/><V66/><F33/><W25/><G32/><T58/><D115/><U46/><E118/><V106/><F133/><W12/><G135/><T116/><D123/><U127/><E35/><V95/><F106/><W67/><G61/><T112/><D112/><U37/><E37/><V48/><F126/><W36/><G36/><T6/><D6/><U103/><E127/><V96/><F108/><W100/><G81/><T64/><D42/><U40/><E111/><V89/><F99/><W82/><G82/><T122/><D30/><U45/><E120/><V132/><F132/><W11/><REACH who="3" step="1"/><G49/><REACH who="3" step="2"/><T51/><D51/><U1/><E50/><V91/><F78/><W59/><G59/><T24/><D58/><U134/><E134/><V94/><F80/><W0/><G0/><T90/><D110/><U69/><E69/><V56/><F19/><AGARI ba="0,1" hai="10,11,12,13,14,19,21,25,62,67,71,97,100,107" machi="19" ten="40,1300,0" yaku="1,1,53,0" doraHai="41" doraHaiUra="34" who="3" fromWho="2" sc="230,0,230,0,300,-13,230,23" /><INIT seed="3,0,0,1,0,18" ten="230,230,287,253" oya="3" hai0="133,101,1,15,35,31,78,123,55,56,64,68,52" hai1="38,54,61,76,83,73,70,104,40,105,45,30,91" hai2="134,12,96,42,51,72,120,65,26,17,80,46,124" hai3="97,43,25,75,9,86,115,21,50,53,28,129,106"/><W5/><G75/><T112/><D123/><U66/><E30/><V85/><F120/><W71/><G129/><T23/><D1/><U102/><E102/><V39/><F72/><W20/><G115/><T81/><D112/><U77/><E77/><V22/><F134/><W90/><G71/><T100/><D68/><U118/><E118/><V6/><F124/><W130/><G130/><T19/><D133/><U94/><REACH who="1" step="1"/><E54/><REACH who="1" step="2"/><N who="0" m="20521" /><D35/><U67/><E67/><V10/><F65/><W114/><G114/><T3/><D31/><U27/><E27/><V122/><F122/><W88/><G25/><T82/><D3/><U116/><E116/><V117/><F117/><W95/><G28/><T107/><D107/><U41/><E41/><V57/><F96/><AGARI ba="0,1" hai="38,40,45,61,66,70,73,76,83,91,94,96,104,105" machi="96" ten="30,2000,0" yaku="1,1,7,1,53,0" doraHai="18" doraHaiUra="4" who="1" fromWho="2" sc="230,0,220,30,287,-20,253,0" /><INIT seed="4,0,0,4,2,83" ten="230,250,267,253" oya="0" hai0="1,67,94,46,97,68,45,105,64,20,74,79,119" hai1="123,56,17,26,86,113,24,81,25,98,35,55,0" hai2="95,10,76,14,38,107,66,28,118,115,84,13,89" hai3="6,112,18,134,15,82,44,5,36,122,91,31,9"/><T19/><D1/><U127/><E123/><V29/><F107/><W7/><G122/><T85/><D105/><U88/><E127/><V109/><F109/><W60/><G112/><T42/><D74/><U101/><E113/><V4/><F115/><W131/><G131/><T103/><D119/><U3/><E35/><V37/><F118/><W53/><G134/><T34/><D34/><U41/><E41/><V128/><F128/><W132/><G132/><T58/><D68/><U135/><E135/><V75/><F66/><N who="0" m="25130" /><D58/><U120/><E120/><V59/><F37/><W77/><G91/><T129/><D129/><U102/><E17/><V12/><F38/><W116/><G31/><T21/><D42/><U111/><E111/><V22/><F75/><W16/><G116/><T90/><D103/><U130/><E130/><V33/><F33/><W39/><G18/><T2/><D2/><U52/><E101/><V117/><F117/><W65/><G44/><N who="0" m="17003" /><D19/><U62/><REACH who="1" step="1"/><E55/><REACH who="1" step="2"/><V73/><F29/><W49/><G53/><T106/><D106/><AGARI ba="0,1" hai="0,3,24,25,26,52,56,62,81,86,88,98,102,106" machi="106" ten="40,8000,1" yaku="1,1,2,1,52,1,54,2,53,0" doraHai="83" doraHaiUra="63" who="1" fromWho="0" sc="230,-80,240,90,267,0,253,0" owari="150,-35,330,43,267,7,253,-15" /></mjloggm>