<mjloggm ver="2.3"><GO type="169"/><UN n0="%53%75%69%6B%61" n1="%70%74%E5%8A%B9%E7%8E%87%E6%89%93%E6%B3%95" n2="%E3%83%9C%E3%83%84" n3="%E3%81%93%E3%81%AE%E3%81%8D%E3%83%BC" dan="16,16,16,18" rate="2075,2088,2049,2166" sx="M,M,M,M"/><TAIKYOKU oya="0"/><INIT seed="0,0,0,2,0,90" ten="250,250,250,250" oya="0" hai0="86,130,101,20,125,27,52,72,91,31,17,33,77" hai1="9,21,10,135,60,66,46,1,83,106,7,70,47" hai2="97,16,68,98,5,129,26,111,12,35,94,117,36" hai3="0,102,100,85,93,84,133,108,25,73,18,75,65"/><T45/><D125/><U8/><E135/><V40/><F68/><W41/><G0/><T110/><D130/><U28/><E106/><V89/><F111/><W6/><G6/><T4/><D4/><U114/><E114/><V109/><F109/><W61/><G108/><T76/><D110/><U124/><E124/><V119/><F5/><W132/><G41/><T69/><D69/><U11/><REACH who="1" step="1"/><E83/><REACH who="1" step="2"/><V64/><F119/><W49/><G133/><T126/><D126/><U43/><E43/><V24/><F40/><W96/><G132/><T88/><D72/><U15/><E15/><V34/><F12/><W42/><G75/><T23/><D33/><U62/><E62/><V2/><F34/><W54/><G73/><T103/><D27/><AGARI ba="0,1" hai="1,7,8,9,10,11,21,27,28,46,47,60,66,70" machi="27" ten="40,1300,0" yaku="1,1,53,0" doraHai="90" doraHaiUra="116" who="1" fromWho="0" sc="250,-13,240,23,250,0,250,0" /><INIT seed="1,0,0,2,2,38" ten="237,263,250,250" oya="1" hai0="78,1,84,13,119,95,15,6,71,75,93,22,116" hai1="121,106,113,37,4,63,115,132,60,67,57,130,26" hai2="134,129,105,117,83,66,101,33,103,124,128,55,40" hai3="126,45,52,81,69,56,24,131,5,62,21,3,42"/><U123/><E106/><V79/><F33/><W20/><G69/><T104/><D104/><U31/><E4/><V27/><F117/><W58/><G131/><N who="2" m="50249" /><F27/><W39/><G126/><T8/><D75/><U112/><E130/><V48/><F66/><W82/><G21/><T127/><D71/><U30/><E132/><V10/><F105/><W61/><G5/><T23/><D127/><U65/><E37/><V64/><F64/><W16/><REACH who="3" step="1"/><G3/><REACH who="3" step="2"/><T50/><D23/><U73/><E73/><V54/><F124/><W25/><G25/><T36/><D22/><U2/><E2/><V41/><F134/><W12/><G12/><T98/><D15/><U53/><E26/><V133/><F133/><W34/><G34/><T88/><D8/><U46/><E31/><V44/><F10/><W68/><G68/><T135/><D13/><U76/><E30/><V109/><F109/><W28/><G28/><T110/><D135/><U72/><E67/><AGARI ba="0,1" hai="16,20,24,39,42,45,52,56,58,61,62,67,81,82" machi="67" ten="30,8000,1" yaku="1,1,7,1,52,1,54,2,53,0" doraHai="38" doraHaiUra="94" who="3" fromWho="1" sc="237,0,263,-80,250,0,240,90" /><INIT seed="2,0,0,2,2,91" ten="237,183,250,330" oya="2" hai0="93,106,102,86,65,88,98,97,15,70,47,32,21" hai1="13,101,76,100,135,10,59,55,94,43,40,8,73" hai2="80,127,119,122,54,130,2,103,60,111,124,6,7" hai3="17,29,23,68,56,85,18,129,104,41,46,5,131"/><V51/><F122/><W39/><G68/><T26/><D32/><U62/><E135/><V11/><F119/><W12/><G104/><T113/><D113/><U19/><E76/><V134/><F6/><W1/><G29/><T25/><D70/><U78/><E78/><V71/><F134/><W58/><G18/><T75/><D65/><U121/><E73/><V28/><F28/><W33/><G33/><T48/><D75/><U22/><E121/><V89/><F103/><W66/><G85/><T90/><D15/><U61/><E61/><V44/><F130/><N who="3" m="49675" /><G66/><T120/><D120/><U117/><E117/><V109/><F60/><W38/><G38/><T115/><D115/><U95/><E101/><V50/><F50/><W105/><G105/><T42/><D21/><U67/><E67/><V133/><F71/><W16/><G17/><T108/><D108/><N who="2" m="41546" /><F133/><W3/><G5/><T37/><D37/><U36/><E100/><V14/><F2/><AGARI ba="0,0" hai="1,2,3,12,16,23,39,41,46,56,58" m="49675" machi="2" ten="30,2000,0" yaku="19,1,54,1" doraHai="91" who="3" fromWho="2" sc="237,0,183,0,250,-20,330,20" /><INIT seed="3,0,0,2,4,124" ten="237,183,230,350" oya="3" hai0="101,34,69,37,82,13,128,77,94,27,72,35,78" hai1="112,125,127,41,117,74,107,49,5,31,113,30,48" hai2="56,63,46,79,98,121,90,38,114,2,106,109,33" hai3="108,116,10,39,129,6,100,59,17,88,102,21,23"/><W14/><G116/><T32/><D69/><U92/><E92/><V111/><F114/><W95/><G39/><T7/><D37/><U52/><E74/><V103/><F121/><W68/><G68/><T11/><D77/><U73/><E73/><V42/><F33/><W24/><G129/><T81/><D81/><U96/><E96/><V25/><F25/><W84/><G108/><N who="2" m="41545" /><F90/><W0/><REACH who="3" step="1"/><G59/><REACH who="3" step="2"/><T80/><D128/><U36/><E36/><V65/><F38/><W66/><G66/><T99/><D72/><U122/><E122/><V76/><F56/><W3/><G3/><T50/><D78/><U60/><E117/><V132/><F2/><W97/><G97/><T67/><D99/><U4/><E107/><V19/><F79/><W133/><G133/><T105/><D67/><U1/><E1/><V12/><F76/><W120/><G120/><T70/><D105/><U9/><E125/><V15/><F132/><W62/><G62/><T44/><D70/><U47/><E127/><V58/><F98/><W104/><G104/><T64/><D64/><U115/><E60/><V53/><F106/><W57/><G57/><T75/><D75/><U83/><E112/><V126/><F126/><W28/><AGARI ba="0,1" hai="0,6,10,14,17,21,23,24,28,84,88,95,100,102" machi="28" ten="20,7800,0" yaku="1,1,0,1,7,1,54,1,53,0" doraHai="124" doraHaiUra="123" who="3" fromWho="3" sc="237,-26,183,-26,230,-26,340,88" /><INIT seed="3,1,0,2,5,28" ten="211,157,204,428" oya="3" hai0="59,0,78,18,39,114,103,117,100,96,41,37,51" hai1="109,32,42,38,19,35,2,3,52,70,89,83,129" hai2="112,21,40,104,10,131,58,119,61,120,26,94,130" hai3="71,77,13,107,46,69,56,76,54,82,63,111,22"/><W81/><G107/><T49/><D117/><U124/><E70/><V11/><F119/><W86/><G111/><T85/><D0/><U7/><E42/><V60/><F104/><W115/><G115/><T20/><D114/><U48/><E38/><V102/><F112/><W1/><G1/><T31/><D31/><U67/><E67/><N who="2" m="39319" /><F61/><W5/><G46/><T79/><D41/><U47/><E109/><V25/><F120/><W62/><G62/><T88/><D39/><U128/><E19/><N who="2" m="12479" /><F26/><W75/><REACH who="3" step="1"/><G22/><REACH who="3" step="2"/><T98/><D20/><U101/><E124/><V43/><F130/><N who="1" m="50281" /><E101/><V123/><F131/><W108/><G108/><T106/><D103/><U65/><E65/><V80/><F102/><W135/><G135/><T87/><D100/><U24/><E24/><V133/><F133/><W116/><G116/><T132/><D106/><U12/><E3/><V23/><F23/><W118/><G118/><T125/><D132/><U14/><E2/><V50/><F123/><W17/><G17/><T6/><D18/><U97/><E7/><V127/><F127/><W4/><G4/><T45/><D6/><U53/><E14/><V9/><F9/><AGARI ba="1,1" hai="5,9,13,54,56,63,69,71,75,76,77,81,82,86" machi="9" ten="40,2000,0" yaku="1,1,53,0" doraHai="28" doraHaiUra="92" who="3" fromWho="2" sc="211,0,157,0,204,-23,418,33" /><INIT seed="3,2,0,0,3,105" ten="211,157,181,451" oya="3" hai0="68,116,124,95,135,127,80,73,46,96,17,33,50" hai1="93,49,72,77,47,82,57,15,99,92,81,121,13" hai2="3,64,115,48,130,84,66,11,85,36,133,62,7" hai3="119,78,75,0,8,74,43,123,132,41,40,1,2"/><W102/><G123/><T107/><D116/><U23/><E121/><V58/><F115/><W9/><G119/><T126/><D68/><U71/><E71/><V26/><F36/><W32/><G32/><T104/><D33/><U113/><E113/><V111/><F111/><W83/><G132/><T69/><D69/><U94/><E57/><V79/><F133/><W38/><G102/><N who="0" m="60703" /><D17/><U19/><E82/><V42/><F130/><W88/><G38/><T54/><D135/><U100/><REACH who="1" step="1"/><E13/><REACH who="1" step="2"/><V28/><F58/><W101/><G1/><T76/><AGARI ba="2,1" hai="46,50,54,73,76,80,104,107,124,126,127" m="60703" machi="76" ten="40,2700,0" yaku="18,1,52,1" doraHai="105" who="0" fromWho="0" sc="211,43,147,-9,181,-9,451,-15" /><INIT seed="4,0,0,4,3,107" ten="254,138,172,436" oya="0" hai0="54,18,78,81,130,36,90,37,80,40,117,56,52" hai1="85,96,43,95,12,116,91,105,31,16,129,3,99" hai2="89,101,64,73,26,46,39,127,83,102,44,66,106" hai3="124,112,121,5,58,10,70,79,133,28,92,114,42"/><T62/><D117/><U100/><E3/><V71/><F127/><W76/><G70/><T57/><D130/><U9/><E129/><V59/><F71/><W126/><G28/><T23/><D40/><U132/><E132/><V75/><F26/><W72/><G133/><T122/><D122/><U115/><E116/><V87/><F39/><W6/><G121/><T19/><D90/><U45/><E31/><V38/><F38/><W118/><G42/><T1/><D1/><U53/><E53/><V20/><F20/><W63/><G92/><T27/><D19/><U41/><E115/><N who="3" m="44074" /><G118/><T77/><D77/><U103/><REACH who="1" step="1"/><E45/><REACH who="1" step="2"/><V110/><F44/><W4/><G126/><T49/><REACH who="0" step="1"/><D81/><AGARI ba="0,1" hai="9,12,16,41,43,81,85,91,95,96,99,100,103,105" machi="81" ten="30,7700,0" yaku="1,1,2,1,7,1,54,1,53,0" doraHai="107" doraHaiUra="50" who="1" fromWho="0" sc="254,-77,128,87,172,0,436,0" /><INIT seed="5,0,0,2,0,70" ten="177,215,172,436" oya="1" hai0="69,123,80,103,31,17,33,76,0,41,130,88,6" hai1="8,58,114,67,30,102,86,74,122,116,97,44,132" hai2="51,108,73,24,20,82,29,127,45,72,134,125,121" hai3="110,34,119,55,90,39,100,71,64,101,131,93,26"/><U35/><E116/><V21/><F108/><W112/><G110/><T47/><D123/><U84/><E74/><V13/><F121/><W50/><G39/><T113/><D113/><U87/><E122/><V106/><F106/><W133/><G112/><T83/><D103/><U25/><E114/><V98/><F98/><W32/><G32/><T66/><D69/><U91/><E132/><V42/><F134/><W126/><G126/><N who="2" m="48137" /><F82/><W46/><G64/><T10/><D66/><U81/><E44/><V135/><F135/><W15/><G71/><T7/><D7/><U99/><E8/><V1/><F1/><W85/><G119/><T96/><D33/><U79/><E99/><V75/><F13/><W60/><G15/><T59/><D31/><U57/><E91/><V117/><F117/><W63/><G34/><AGARI ba="0,0" hai="20,21,24,29,34,42,45,51,72,73,75" m="48137" machi="34" ten="40,1300,0" yaku="18,1" doraHai="70" who="2" fromWho="3" sc="177,0,215,0,172,13,436,-13" /><INIT seed="6,0,0,5,5,95" ten="177,215,185,423" oya="2" hai0="37,42,1,83,14,107,57,108,94,12,46,50,62" hai1="52,34,72,15,24,88,133,39,0,58,78,102,64" hai2="65,84,91,132,13,92,11,115,28,32,96,111,112" hai3="89,98,17,97,2,25,82,38,93,9,101,59,114"/><V45/><F111/><W81/><G38/><T67/><D107/><U60/><E0/><V43/><F65/><W26/><G114/><N who="2" m="43561" /><F132/><W124/><G124/><T75/><D108/><U55/><E39/><N who="2" m="21759" /><F28/><W54/><G2/><T126/><D126/><U27/><E133/><V40/><F40/><W36/><G36/><T113/><D113/><U53/><E102/><V90/><F32/><W47/><G47/><T7/><D94/><U79/><E34/><V6/><F90/><W123/><G25/><N who="1" m="9802" /><E72/><V41/><F41/><W68/><G68/><T125/><D125/><U80/><E15/><V66/><F66/><W99/><G123/><T129/><D50/><U29/><E29/><V120/><F120/><W76/><G101/><T130/><D14/><U118/><E118/><V109/><F109/><W4/><G76/><N who="0" m="44447" /><D12/><U10/><E10/><AGARI ba="0,0" hai="1,7,10,37,42,46,57,62,67,129,130" m="44447" machi="10" ten="30,1000,0" yaku="25,1" doraHai="95" who="0" fromWho="1" sc="177,10,215,-10,185,0,423,0" /><INIT seed="7,0,0,4,0,95" ten="187,205,185,423" oya="3" hai0="118,43,115,133,47,88,130,105,63,108,109,117,62" hai1="99,100,69,54,23,20,87,127,124,46,72,19,17" hai2="134,85,2,80,13,103,6,41,120,12,125,98,68" hai3="31,25,38,55,21,102,96,49,26,42,14,16,76"/><W91/><G38/><T33/><D33/><U81/><E72/><V32/><F68/><W22/><G42/><T129/><D105/><N who="1" m="63647" /><E69/><V44/><F32/><W135/><G135/><T28/><D28/><U9/><E54/><V97/><F134/><W94/><G76/><T107/><D107/><U24/><E46/><V39/><F120/><W57/><G102/><T70/><D88/><N who="1" m="51311" /><E9/><V53/><F53/><W4/><G4/><T66/><D133/><U5/><E5/><V7/><F125/><N who="1" m="48201" /><E23/><V90/><F98/><W71/><G71/><T84/><D70/><U101/><E101/><V83/><F83/><W52/><G55/><T113/><D47/><U8/><E8/><V11/><F6/><W37/><G37/><T111/><D43/><U29/><AGARI ba="0,0" hai="17,19,20,24,29" m="48201,51311,63647" machi="29" ten="30,4000,0" yaku="18,1,52,1,54,1" doraHai="95" who="1" fromWho="1" sc="187,-10,205,40,185,-10,423,-20" owari="177,-22,245,5,175,-32,403,49" /></mjloggm>