<mjloggm ver="2.3"><GO type="225"/><UN n0="%E8%9C%9C%E6%9F%91%E3%81%AE%E7%9A%AE" n1="%72%61%72%61%70%70%65" n2="%E3%81%B6%E3%81%A3%E3%81%A8%E3%81%B3%E4%BE%8D" n3="%61%61%33%31%39%33" dan="17,16,17,16" rate="2130,2151,2097,2119" sx="M,M,M,F"/><TAIKYOKU oya="0"/><INIT seed="0,0,0,4,4,8" ten="250,250,250,250" oya="0" hai0="61,38,110,47,78,70,22,6,66,23,96,25,46" hai1="34,128,132,14,107,55,83,94,76,28,3,105,42" hai2="7,58,117,54,10,92,13,19,49,48,9,62,27" hai3="4,17,111,43,93,52,103,35,95,45,121,85,129"/><T72/><D6/><U82/><E3/><V11/><F117/><W40/><G35/><T59/><D22/><U26/><E42/><N who="3" m="15914" /><G111/><T120/><D120/><U12/><E132/><V57/><F48/><N who="3" m="28687" /><G129/><T15/><D38/><U100/><E128/><V44/><F44/><W104/><G104/><T98/><D110/><U81/><E76/><V64/><F92/><N who="3" m="35403" /><G121/><T20/><D70/><U125/><E125/><V68/><F68/><W116/><G4/><T29/><D72/><U133/><E133/><V71/><F71/><W32/><G32/><T134/><D134/><U79/><E79/><V123/><F123/><W89/><G116/><T36/><D78/><U114/><E114/><V63/><F63/><W5/><G5/><T65/><D36/><U50/><E107/><V1/><F1/><W130/><G130/><T122/><D122/><U69/><E105/><V16/><F7/><W88/><G103/><T53/><D96/><U115/><E69/><V118/><F118/><W126/><G126/><T109/><D98/><U75/><E75/><V74/><F74/><W112/><G112/><T30/><D109/><U0/><E0/><V101/><F101/><W33/><G33/><T127/><D127/><U31/><E115/><V131/><F131/><W67/><G67/><N who="0" m="25611" /><D30/><U39/><E31/><V91/><F91/><N who="3" m="34891" /><G85/><T108/><D108/><U37/><E39/><V2/><F2/><W18/><AGARI ba="0,0" hai="17,18" m="34891,35403,28687,15914" machi="18" ten="30,4000,0" yaku="8,1,54,2" doraHai="8" who="3" fromWho="3" sc="250,-20,250,-10,250,-10,250,40" /><INIT seed="1,0,0,3,4,79" ten="230,240,240,290" oya="1" hai0="115,31,18,48,62,127,73,25,135,77,118,101,4" hai1="46,39,87,75,10,54,29,125,88,49,90,131,28" hai2="16,22,58,43,116,91,120,80,121,111,30,68,33" hai3="51,15,134,106,108,14,37,3,60,6,99,44,65"/><U95/><E75/><V85/><F68/><W119/><G134/><T66/><D115/><U8/><E125/><V63/><F116/><W32/><G32/><T92/><D118/><U74/><E74/><V70/><F70/><W17/><G119/><T35/><D4/><U2/><E39/><V7/><F111/><W13/><G37/><T20/><D135/><U1/><E131/><V64/><F43/><W57/><G108/><T27/><D127/><U71/><E71/><V110/><F110/><W130/><G130/><T21/><D73/><U56/><E2/><V12/><REACH who="2" step="1"/><F7/><REACH who="2" step="2"/><W40/><G6/><T11/><D35/><U52/><E1/><V114/><F114/><W112/><G3/><T42/><D42/><U128/><E128/><V53/><F53/><W38/><G112/><T96/><D77/><U67/><E67/><V45/><F45/><W26/><G38/><T104/><D104/><U76/><E76/><V81/><F81/><W55/><G55/><T78/><D78/><U72/><E72/><V133/><F133/><W84/><G65/><T126/><D126/><U82/><E54/><V94/><F94/><W9/><G40/><T34/><D34/><U23/><E46/><V69/><F69/><W97/><G44/><T124/><D124/><U102/><E102/><V86/><F86/><W100/><G84/><T117/><D117/><U93/><E93/><V113/><F113/><W61/><G100/><T83/><D83/><U105/><E105/><V98/><F98/><N who="3" m="37387" /><G106/><T19/><D66/><U109/><E109/><V122/><F122/><W0/><G0/><RYUUKYOKU ba="0,1" sc="230,-10,240,-10,230,30,290,-10" hai2="12,16,22,30,33,58,63,64,80,85,91,120,121" /><INIT seed="2,1,1,1,4,0" ten="220,230,260,280" oya="2" hai0="65,12,118,108,61,15,78,22,102,42,111,76,101" hai1="8,80,124,16,37,74,100,45,128,6,113,85,83" hai2="46,97,5,40,68,55,47,19,23,92,93,84,11" hai3="105,35,66,63,34,112,3,121,67,58,30,50,72"/><V116/><F116/><W96/><G121/><T62/><D118/><U41/><E113/><V130/><F68/><W14/><G112/><T52/><D42/><U26/><E124/><V89/><F130/><W82/><G3/><T75/><D75/><U104/><E128/><V127/><F127/><W126/><G126/><T71/><D22/><U73/><E83/><V21/><F55/><N who="3" m="32119" /><G66/><T87/><D87/><U20/><E100/><V129/><F129/><W2/><G14/><T1/><D1/><U7/><E104/><V88/><F19/><W125/><G2/><T32/><D32/><U31/><E31/><V49/><F47/><W64/><G64/><T95/><D95/><U133/><E133/><V9/><F9/><W91/><G30/><T38/><D38/><U57/><E57/><V103/><F103/><N who="3" m="62695" /><G91/><T135/><D135/><U17/><E17/><V107/><F107/><W24/><G24/><T60/><D60/><U123/><E123/><V131/><F131/><W86/><G86/><T79/><D101/><U90/><REACH who="1" step="1"/><E8/><REACH who="1" step="2"/><V28/><F28/><W120/><G125/><T119/><D102/><U94/><E94/><V48/><F11/><W29/><G29/><T36/><D119/><U122/><E122/><V25/><F93/><W13/><G120/><T98/><D108/><U69/><E69/><V43/><F92/><W117/><G117/><T99/><D111/><U81/><E81/><V53/><F84/><W54/><G35/><T4/><D71/><U51/><E51/><V33/><F33/><W134/><G34/><T56/><D56/><U77/><E77/><RYUUKYOKU ba="1,2" sc="220,-10,220,30,260,-10,280,-10" hai1="6,7,16,20,26,37,41,45,73,74,80,85,90" /><INIT seed="3,2,2,2,3,107" ten="210,250,250,270" oya="3" hai0="32,21,126,15,75,135,59,93,22,5,12,71,66" hai1="123,70,104,49,94,50,55,38,39,10,134,89,110" hai2="76,77,78,41,128,82,44,102,131,85,62,109,4" hai3="120,23,114,36,54,1,92,79,6,63,8,35,31"/><W11/><G120/><T113/><D32/><U24/><E104/><V27/><F102/><W117/><G114/><T28/><D71/><U29/><E123/><V130/><F109/><W116/><G92/><T68/><D68/><U127/><E70/><V2/><F62/><W74/><G54/><T60/><D75/><U7/><E127/><V88/><F27/><N who="3" m="18943" /><G63/><T106/><D106/><U84/><E134/><V122/><F122/><W125/><G125/><T119/><D119/><N who="3" m="45641" /><G11/><N who="0" m="4207" /><D126/><U56/><E110/><V105/><F105/><W67/><G23/><T26/><D135/><U3/><REACH who="1" step="1"/><E50/><REACH who="1" step="2"/><N who="2" m="26895" /><F4/><W52/><G6/><T133/><D133/><U48/><E48/><V72/><F2/><W95/><G36/><T87/><D113/><U112/><E112/><V121/><F121/><W83/><G1/><T86/><D93/><AGARI ba="2,3" hai="72,76,77,78,82,85,88,93,128,130,131" m="26895" machi="93" ten="30,3900,0" yaku="19,1,52,1,54,1" doraHai="107" who="2" fromWho="0" sc="210,-45,240,0,250,75,270,0" owari="165,-33,240,-16,325,42,270,7" /></mjloggm>