<mjloggm ver="2.3"><GO type="225"/><UN n0="%E3%81%84%E3%81%A1%E3%81%94%E3%83%9D%E3%83%83%E3%82%AD%E3%83%BC" n1="%E7%89%99%E6%B1%AA" n2="%E3%81%B3%E3%82%8A%E3%81%B3%E3%82%8A%E2%98%86%E3%83%93%E3%83%AA%E3%83%BC" n3="%46%4C%41%4D%45" dan="17,17,16,16" rate="2158,2115,2149,2082" sx="F,M,M,M"/><TAIKYOKU oya="0"/><INIT seed="0,0,0,5,3,120" ten="250,250,250,250" oya="0" hai0="87,13,58,65,134,68,90,27,40,7,107,12,103" hai1="3,73,14,1,130,18,104,127,82,30,54,112,119" hai2="110,93,64,92,118,11,129,94,100,99,52,48,17" hai3="75,10,55,76,21,53,132,91,4,115,16,111,44"/><T46/><D134/><U22/><E119/><V86/><F129/><W34/><G34/><T81/><D68/><U43/><E104/><V24/><F118/><W70/><G70/><T83/><D27/><U89/><E43/><V124/><F124/><W117/><G117/><T2/><D81/><U37/><E37/><V131/><F131/><W105/><G105/><T56/><D2/><U38/><E130/><V31/><F64/><W69/><G69/><T84/><D84/><U98/><E38/><V96/><F86/><W77/><G115/><T79/><D90/><U61/><E127/><V33/><F110/><W6/><G111/><T60/><D58/><U59/><E112/><V66/><F66/><W29/><G29/><T80/><D80/><U102/><E30/><V108/><F108/><W9/><G132/><T78/><D78/><N who="3" m="30313" /><G75/><T67/><D67/><U97/><E73/><V63/><F63/><W74/><G74/><T15/><D107/><U50/><E61/><V114/><F114/><W20/><G91/><T113/><D113/><U5/><E82/><V85/><F85/><W47/><G55/><T51/><REACH who="0" step="1"/><D103/><REACH who="0" step="2"/><U121/><E89/><V57/><F100/><W101/><G101/><T32/><D32/><U88/><E88/><V0/><F0/><N who="1" m="73" /><E98/><V135/><F135/><W36/><G47/><T71/><D71/><U42/><E97/><V106/><F106/><W39/><G44/><T23/><D23/><U109/><E109/><V133/><F133/><W8/><G21/><T123/><D123/><U125/><E121/><V62/><F99/><W126/><G20/><RYUUKYOKU ba="0,1" sc="240,30,250,-10,250,-10,250,-10" hai0="7,12,13,15,40,46,51,56,60,65,79,83,87" /><INIT seed="0,1,1,2,4,63" ten="270,240,240,240" oya="0" hai0="72,66,85,43,17,15,19,77,36,110,60,18,31" hai1="134,53,55,24,129,62,58,93,68,121,32,5,40" hai2="65,95,105,111,92,133,98,82,25,76,9,86,123" hai3="2,80,112,122,54,83,51,56,52,57,45,34,128"/><T70/><D72/><U33/><E121/><V127/><F123/><W3/><G122/><T125/><D125/><U29/><E134/><V119/><F133/><W81/><G112/><T109/><D31/><U74/><E129/><V50/><F111/><N who="0" m="42506" /><D43/><U96/><E68/><V88/><F127/><W79/><G34/><T26/><D26/><U28/><E74/><V84/><F25/><W38/><G128/><T101/><D101/><U97/><E5/><V130/><F130/><W16/><G79/><T10/><D36/><U120/><E120/><V113/><F113/><W44/><G38/><T37/><D37/><U99/><E40/><V67/><F119/><W1/><REACH who="3" step="1"/><G16/><REACH who="3" step="2"/><T115/><D115/><U21/><E29/><V104/><F9/><W100/><G100/><T90/><D77/><U41/><E33/><V27/><F27/><W118/><G118/><T13/><D10/><U87/><E32/><V42/><F105/><W89/><G89/><T78/><D78/><U108/><E108/><V49/><F104/><W73/><G73/><T20/><D20/><U94/><E41/><V69/><F42/><W35/><G35/><T107/><D107/><U132/><E132/><V4/><F4/><W124/><G124/><T8/><D8/><U91/><REACH who="1" step="1"/><E94/><AGARI ba="1,2" hai="13,15,17,18,19,60,66,70,85,90,94" m="42506" machi="94" ten="30,5800,0" yaku="14,1,10,1,52,1" doraHai="63" who="0" fromWho="1" sc="270,81,240,-61,240,0,230,0" /><INIT seed="0,2,0,3,5,6" ten="351,179,240,230" oya="0" hai0="29,67,60,130,93,45,133,100,87,9,55,35,112" hai1="69,21,99,37,36,125,89,76,81,86,91,46,85" hai2="47,113,26,97,15,64,63,62,108,98,17,52,94" hai3="128,120,38,5,72,79,83,75,65,135,129,40,105"/><T34/><D112/><U44/><E125/><V57/><F113/><W23/><G105/><T77/><D133/><U95/><E69/><V4/><F108/><W56/><G135/><T116/><D116/><U109/><E109/><V74/><F74/><W7/><G75/><T10/><D130/><N who="3" m="50281" /><G120/><T127/><D127/><U68/><E68/><V25/><F4/><W110/><G110/><T50/><D77/><U115/><E115/><V0/><F0/><W32/><G32/><T33/><D29/><U73/><E73/><V20/><F98/><W59/><G23/><T124/><D124/><U19/><E36/><V24/><F47/><N who="3" m="23959" /><G59/><T43/><D43/><U27/><REACH who="1" step="1"/><E37/><REACH who="1" step="2"/><V134/><F134/><W70/><G70/><T117/><D117/><U3/><E3/><V82/><F82/><AGARI ba="2,1" hai="19,21,27,44,46,76,81,82,85,86,89,91,95,99" machi="82" ten="30,7700,0" yaku="1,1,7,1,8,1,53,1" doraHai="6" doraHaiUra="13" who="1" fromWho="2" sc="351,0,169,93,240,-83,230,0" /><INIT seed="1,0,0,1,1,53" ten="351,262,157,230" oya="1" hai0="128,116,91,56,41,80,102,61,114,4,112,70,15" hai1="46,1,20,125,68,108,21,118,85,82,8,48,28" hai2="77,2,22,123,76,134,44,7,25,81,120,18,135" hai3="101,105,111,26,74,51,16,59,36,66,73,40,6"/><U45/><E118/><V54/><F2/><W5/><G111/><T99/><D116/><U64/><E125/><V9/><F120/><W110/><G110/><T50/><D70/><U24/><E108/><V39/><F123/><W19/><G74/><T78/><D91/><U130/><E130/><V88/><F7/><N who="3" m="2571" /><G73/><T109/><D109/><U38/><E1/><V90/><F9/><W43/><G105/><T55/><D128/><U0/><E0/><V52/><F39/><W79/><G36/><T17/><D4/><U113/><E113/><V69/><F69/><W35/><G35/><T65/><D41/><N who="3" m="15945" /><G79/><N who="2" m="30281" /><F81/><W92/><G26/><T29/><D80/><U32/><E38/><V31/><F31/><W87/><G87/><T42/><D78/><U95/><E82/><V33/><F33/><W47/><G92/><T132/><D29/><U106/><E95/><V23/><F23/><W129/><G101/><T100/><D100/><U97/><E106/><V107/><F107/><W94/><G94/><T127/><D114/><U124/><E21/><V75/><F75/><W119/><G129/><T13/><D102/><U86/><E32/><V131/><F131/><W83/><G83/><T115/><D115/><U11/><E86/><V3/><F3/><W71/><G71/><T57/><D112/><U121/><E85/><V122/><F122/><W67/><G119/><T10/><D10/><U103/><E68/><V58/><F44/><W96/><G96/><T27/><D99/><U12/><E97/><V60/><F54/><N who="3" m="32223" /><G47/><T72/><D72/><U98/><E46/><V30/><F30/><RYUUKYOKU ba="0,0" sc="351,-15,262,-15,157,15,230,15" hai2="18,22,25,52,58,60,88,90,134,135" hai3="16,19,66,67" /><INIT seed="2,1,0,0,2,27" ten="336,247,172,245" oya="2" hai0="11,73,5,45,114,35,75,98,111,104,17,85,77" hai1="18,135,42,67,47,34,53,62,115,91,21,44,116" hai2="99,76,33,51,89,109,92,101,55,66,112,103,25" hai3="72,123,39,110,26,61,131,14,86,8,28,64,121"/><V71/><F112/><W36/><G72/><T127/><D114/><U84/><E115/><V122/><F122/><W68/><G110/><T100/><D111/><U79/><E116/><V120/><F120/><W124/><G124/><T19/><D35/><U32/><E135/><V12/><F109/><W129/><G86/><T20/><D45/><U128/><E128/><N who="3" m="49226" /><G123/><T88/><D127/><U60/><E79/><V93/><F76/><W105/><G105/><T58/><D58/><U117/><E117/><V94/><F71/><W10/><G121/><T3/><D77/><U22/><E53/><V125/><F125/><W59/><G68/><T87/><D87/><U126/><E126/><V83/><F66/><W133/><G133/><T31/><D31/><U46/><E42/><V37/><F37/><N who="3" m="14411" /><G14/><T118/><D118/><U134/><E134/><V108/><F108/><W57/><G57/><T74/><REACH who="0" step="1"/><D20/><AGARI ba="1,0" hai="8,10,20,26,28,59,61,64" m="14411,49226" machi="20" ten="30,2000,0" yaku="19,1,52,1" doraHai="27" who="3" fromWho="0" sc="336,-23,247,0,172,0,245,23" /><INIT seed="3,0,0,5,2,86" ten="313,247,172,268" oya="3" hai0="91,11,33,83,8,70,60,51,31,15,12,125,123" hai1="120,39,50,5,135,99,75,78,115,21,74,113,102" hai2="109,13,84,93,54,106,34,62,9,96,27,80,43" hai3="127,38,76,2,0,26,122,16,101,18,100,56,121"/><W108/><G38/><T36/><D36/><U61/><E39/><V55/><F109/><W10/><G76/><T4/><D123/><N who="3" m="47113" /><G56/><T95/><D125/><U65/><E120/><V57/><F106/><W7/><G101/><T22/><D33/><U92/><E135/><V116/><F116/><W79/><G79/><T94/><D51/><U64/><E5/><V3/><F3/><N who="3" m="383" /><G100/><T49/><D49/><U111/><E111/><V14/><F34/><W131/><G108/><T29/><D70/><U67/><E61/><V41/><F27/><W68/><G68/><T128/><D60/><U53/><E21/><V97/><F14/><W133/><G133/><T104/><D104/><U117/><E117/><V20/><F20/><N who="3" m="13575" /><G127/><T132/><D132/><U32/><E78/><V103/><F97/><W52/><G52/><T42/><D42/><U105/><E105/><V71/><F55/><W63/><G63/><T47/><D47/><U129/><E74/><V85/><F71/><W73/><G73/><T130/><D15/><U134/><E134/><V77/><REACH who="2" step="1"/><F85/><REACH who="2" step="2"/><W46/><G0/><T98/><D98/><U66/><E75/><V48/><F48/><W107/><G107/><T6/><D12/><U24/><E50/><V81/><F81/><W25/><G2/><T124/><D83/><U69/><E69/><V1/><F1/><W59/><G46/><T82/><D82/><U72/><E72/><V44/><F44/><W126/><G126/><T37/><D124/><U87/><E53/><V30/><F30/><W90/><G25/><T118/><D37/><U28/><E24/><RYUUKYOKU ba="0,1" sc="313,-10,247,-10,162,30,268,-10" hai2="9,13,41,43,54,57,62,77,80,84,93,96,103" owari="313,41,237,-16,192,-31,258,6" /></mjloggm>