<mjloggm ver="2.3"><GO type="169"/><UN n0="%45%56%41%4E%53%49%55" n1="%E3%81%A0%E3%81%84%E3%81%95%E3%82%93%E3%81%92%E3%83%BC%E3%82%93" n2="%E3%80%93%E3%81%84%E3%81%A1%E3%81%AF%E3%82%89%E3%80%93" n3="%E3%82%AA%E3%82%AB%E3%83%AB%EF%BD%94" dan="17,17,18,16" rate="2138,2122,2189,2095" sx="F,M,M,M"/><TAIKYOKU oya="0"/><INIT seed="0,0,0,5,1,74" ten="250,250,250,250" oya="0" hai0="52,102,113,129,103,87,13,51,46,66,47,17,98" hai1="70,62,123,1,48,11,94,7,36,85,133,45,89" hai2="4,55,5,78,19,73,121,26,82,96,124,39,58" hai3="76,112,104,79,117,2,111,135,110,68,37,59,126"/><T67/><D113/><U64/><E133/><V14/><F121/><W22/><G112/><T130/><D47/><U54/><E36/><V30/><F39/><W72/><G72/><T119/><D119/><U16/><E123/><V122/><F96/><W88/><G104/><T38/><D38/><U61/><E61/><V77/><F122/><W50/><G37/><T56/><D130/><U134/><E134/><V93/><F93/><W60/><G2/><T128/><D129/><U99/><E99/><V108/><F78/><N who="3" m="29739" /><G68/><T34/><D34/><U109/><E109/><N who="3" m="41482" /><G135/><T116/><D116/><U21/><E1/><V125/><F108/><W101/><G101/><N who="0" m="38411" /><D128/><U44/><E70/><V20/><F125/><W92/><G126/><T80/><D98/><U31/><E31/><V53/><F124/><W83/><G83/><T8/><D56/><U71/><E71/><V3/><F3/><W84/><G117/><T91/><AGARI ba="0,0" hai="8,13,17,46,51,52,66,67,80,87,91" m="38411" machi="91" ten="30,6000,0" yaku="25,1,8,1,54,1" doraHai="74" who="0" fromWho="0" sc="250,60,250,-20,250,-20,250,-20" /><INIT seed="0,1,0,4,1,110" ten="310,230,230,230" oya="0" hai0="93,55,84,21,31,102,61,45,76,113,130,135,41" hai1="30,68,56,66,134,42,128,9,98,74,83,20,63" hai2="124,58,19,62,121,2,6,95,122,0,26,64,101" hai3="112,119,7,25,116,11,24,53,15,33,57,120,50"/><T16/><D113/><U77/><E134/><V37/><F37/><W105/><G105/><T108/><D135/><U28/><E128/><V106/><F106/><W82/><G120/><T52/><D130/><U36/><E9/><V72/><F72/><W14/><G112/><T65/><D31/><U79/><E79/><V60/><F124/><W47/><G82/><N who="0" m="47175" /><D108/><U13/><E98/><V94/><F6/><W78/><G78/><T27/><D102/><U109/><E109/><V18/><F58/><W96/><G96/><T29/><D93/><U22/><E68/><V35/><F26/><N who="3" m="10347" /><G33/><T111/><D111/><U40/><E36/><V51/><F64/><W127/><G127/><T59/><D29/><U114/><E114/><V132/><F51/><AGARI ba="1,0" hai="16,21,27,41,45,51,52,55,59,61,65" m="47175" machi="51" ten="30,5800,0" yaku="8,1,54,2" doraHai="110" who="0" fromWho="2" sc="310,61,230,0,230,-61,230,0" /><INIT seed="0,2,0,4,0,63" ten="371,230,169,230" oya="0" hai0="20,61,110,130,135,69,74,51,119,117,53,90,33" hai1="84,4,6,79,43,10,87,60,75,99,72,27,57" hai2="62,54,34,7,107,106,15,96,35,46,131,126,24" hai3="113,13,112,3,118,29,36,9,78,12,40,49,45"/><T22/><D74/><U134/><E134/><V50/><F131/><W5/><G118/><T111/><D33/><U93/><E72/><V92/><F126/><W100/><G100/><T124/><D124/><U32/><E43/><V86/><F86/><W98/><G98/><T104/><D104/><U103/><E75/><V121/><F121/><W21/><G78/><T129/><D90/><U122/><E122/><V19/><F7/><W55/><G3/><T82/><D82/><U1/><E4/><V64/><F24/><W25/><REACH who="3" step="1"/><G13/><REACH who="3" step="2"/><T77/><D77/><U16/><E79/><V42/><F107/><W8/><G8/><T38/><D119/><U81/><E81/><V68/><F106/><W52/><G52/><T17/><D117/><U116/><E116/><V91/><REACH who="2" step="1"/><F54/><REACH who="2" step="2"/><W123/><G123/><T102/><D53/><U48/><E1/><V14/><F14/><W109/><G109/><T105/><D105/><U28/><E27/><V85/><F85/><W101/><G101/><T127/><D102/><U56/><E84/><V11/><AGARI ba="2,2" hai="11,15,19,34,35,42,46,50,62,64,68,91,92,96" machi="11" ten="20,5200,0" yaku="1,1,0,1,7,1,52,1,53,0" doraHai="63" doraHaiUra="71" who="2" fromWho="2" sc="371,-28,230,-15,159,78,220,-15" /><INIT seed="1,0,0,3,5,71" ten="343,215,237,205" oya="1" hai0="65,45,100,4,70,38,67,15,52,123,27,25,58" hai1="43,44,42,51,119,28,91,130,29,95,120,56,48" hai2="30,12,8,85,14,37,109,22,115,107,24,121,126" hai3="49,19,78,2,134,111,3,80,108,64,26,106,31"/><U10/><E119/><V110/><F107/><W35/><G106/><T53/><D123/><U62/><E120/><V55/><F121/><W7/><G7/><T41/><D100/><U89/><E130/><V47/><F115/><W87/><G134/><T128/><D128/><U9/><E95/><V66/><F66/><W36/><G64/><T63/><D53/><U59/><E62/><V122/><F122/><W112/><G112/><T40/><D41/><U17/><E17/><V54/><F126/><W133/><G133/><T20/><D65/><U13/><E13/><V60/><F14/><W118/><G118/><T50/><D20/><U103/><E103/><V117/><F117/><W84/><G19/><T32/><D32/><U124/><E124/><V1/><F1/><W125/><G125/><T0/><D15/><U5/><E44/><V104/><F104/><W75/><G49/><T86/><D86/><N who="3" m="32809" /><G36/><T72/><D72/><U127/><E127/><V74/><F85/><W114/><G114/><T113/><D113/><U81/><E81/><V76/><F74/><W97/><G97/><T105/><D105/><U34/><E34/><V79/><F60/><W101/><G101/><T23/><D23/><U83/><E83/><V92/><F92/><W93/><G93/><T82/><D82/><U102/><E102/><V18/><F79/><W69/><G69/><T99/><D99/><U39/><E5/><V68/><F76/><W16/><G16/><T46/><D45/><U73/><E73/><V11/><F68/><W21/><G35/><T116/><D116/><U61/><E61/><RYUUKYOKU ba="0,0" sc="343,10,215,10,237,-30,205,10" hai0="0,4,25,27,38,40,46,50,52,58,63,67,70" hai1="9,10,28,29,39,42,43,48,51,56,59,89,91" hai3="2,3,21,26,31,75,78,80,108,111" /><INIT seed="1,1,0,0,3,135" ten="353,225,207,215" oya="1" hai0="60,120,128,100,102,26,95,33,132,99,41,86,6" hai1="92,23,57,22,134,113,72,61,118,16,19,39,130" hai2="37,7,3,15,104,8,76,45,78,52,21,85,105" hai3="25,84,103,20,127,110,111,131,18,91,9,54,67"/><U0/><E0/><V55/><F104/><W123/><G123/><T2/><D132/><U38/><E118/><V32/><F105/><W58/><G131/><T11/><D128/><U126/><E130/><V63/><F32/><W88/><G103/><T47/><D120/><U89/><E134/><V50/><F37/><W96/><G67/><T101/><D60/><U59/><E72/><V48/><F63/><W129/><G129/><T83/><D83/><U71/><E113/><V27/><F85/><W66/><G66/><T121/><D86/><U106/><E106/><V80/><F80/><W93/><G9/><T125/><D121/><U107/><E107/><V124/><F124/><W51/><REACH who="3" step="1"/><G127/><REACH who="3" step="2"/><T109/><D125/><U35/><E126/><V117/><F117/><W70/><G70/><T94/><D102/><U56/><E71/><V13/><F78/><W65/><G65/><T98/><D101/><U77/><E77/><V1/><F76/><W28/><G28/><T87/><D100/><U79/><E79/><V12/><F8/><W122/><G122/><T90/><D11/><U64/><E64/><V4/><F4/><W46/><G46/><T116/><D47/><U119/><E119/><V43/><F7/><W108/><G108/><T133/><D109/><U42/><E56/><V34/><F55/><W112/><G112/><T74/><D6/><U44/><E57/><N who="2" m="32903" /><F34/><W49/><G49/><T115/><D116/><U68/><E68/><V69/><F69/><W30/><G30/><N who="0" m="19671" /><D133/><U5/><E35/><V29/><F45/><W53/><G53/><T10/><D115/><RYUUKYOKU ba="1,1" sc="353,-15,225,-15,207,15,205,15" hai2="1,3,12,13,15,21,27,29,43,50" hai3="18,20,25,51,54,58,84,88,91,93,96,110,111" /><INIT seed="2,2,1,1,4,43" ten="338,210,222,220" oya="2" hai0="12,135,119,125,127,32,104,46,88,68,8,94,107" hai1="122,78,29,102,96,31,123,50,58,84,40,63,4" hai2="128,120,92,82,17,111,64,20,129,100,26,61,106" hai3="70,56,67,34,14,59,54,81,15,69,3,0,95"/><V23/><F120/><N who="1" m="46121" /><E4/><V9/><F106/><W11/><G34/><T108/><D108/><U86/><E40/><V25/><F82/><W74/><G95/><T101/><D135/><U118/><E118/><V79/><F79/><W27/><G27/><T109/><D109/><U117/><E50/><V6/><F111/><W62/><G14/><T77/><D68/><U114/><E114/><V19/><F92/><W126/><G126/><N who="0" m="48139" /><D101/><U103/><E103/><V13/><REACH who="2" step="1"/><F100/><REACH who="2" step="2"/><W60/><G81/><T18/><D77/><U80/><E117/><V55/><F55/><W38/><G74/><T37/><D119/><U71/><E102/><V75/><F75/><W93/><G93/><T89/><D94/><U39/><E80/><V57/><AGARI ba="2,2" hai="6,9,13,17,19,20,23,25,26,57,61,64,128,129" machi="57" ten="30,6000,0" yaku="1,1,0,1,9,1,53,0" doraHai="43" doraHaiUra="110" who="2" fromWho="2" sc="338,-22,210,-22,212,86,220,-22" /><INIT seed="2,3,0,3,1,60" ten="316,188,298,198" oya="2" hai0="123,40,7,125,117,114,42,97,70,14,120,1,6" hai1="48,20,58,67,86,129,57,124,33,8,53,77,112" hai2="21,103,88,52,128,134,16,94,31,2,49,68,87" hai3="59,109,73,44,23,30,104,131,38,32,41,0,106"/><V119/><F119/><W69/><G23/><T91/><D114/><U92/><E33/><V61/><F2/><W34/><G59/><T133/><D125/><U116/><E116/><V39/><F39/><W17/><G17/><T76/><D117/><U132/><E124/><V111/><F134/><W122/><G122/><T3/><D76/><U62/><E132/><V51/><F128/><W127/><G127/><T25/><D133/><U5/><E129/><V29/><F111/><W43/><G43/><T28/><D70/><U78/><E112/><V113/><F113/><W50/><G50/><N who="2" m="18953" /><F103/><W108/><G131/><T66/><D97/><U36/><E36/><V102/><F102/><W100/><G73/><T45/><D91/><N who="1" m="53367" /><E20/><V99/><F87/><W81/><G81/><T82/><D82/><U110/><E110/><N who="3" m="42602" /><G0/><T56/><D3/><U84/><E84/><V115/><F115/><W24/><G100/><T35/><D1/><U19/><E5/><V101/><F101/><W80/><G80/><T10/><D6/><U18/><E19/><V54/><F68/><W107/><G34/><T85/><D85/><U93/><E93/><V63/><F63/><W118/><G118/><T89/><D89/><U79/><E79/><V9/><F9/><W37/><G37/><N who="0" m="21647" /><D42/><U47/><E78/><V15/><F61/><W95/><G95/><T22/><D35/><U64/><E77/><V27/><F15/><W98/><G98/><T71/><D71/><AGARI ba="3,0" hai="24,30,32,38,41,44,69,71,104,106,107" m="42602" machi="71" ten="40,2600,0" yaku="14,1,23,1" doraHai="60" who="3" fromWho="0" sc="316,-35,188,0,298,0,198,35" /><INIT seed="3,0,0,3,0,0" ten="281,188,298,233" oya="3" hai0="26,64,33,129,102,35,66,124,68,20,30,92,47" hai1="11,6,100,23,87,43,29,104,79,67,74,55,70" hai2="16,34,98,108,40,83,116,71,119,89,113,93,127" hai3="4,31,128,51,15,5,96,75,73,77,53,123,121"/><W80/><G75/><T63/><D124/><U107/><E74/><V118/><F34/><W49/><G128/><T42/><D129/><U9/><E43/><V1/><F71/><W101/><G31/><T2/><D66/><U117/><E117/><V13/><F1/><W38/><G38/><T17/><D2/><U50/><E67/><V52/><F127/><W8/><G5/><T28/><D28/><U84/><E70/><V56/><F113/><W24/><G24/><T19/><D19/><U112/><E11/><V36/><F83/><W115/><G115/><T131/><D131/><U91/><E79/><V97/><F108/><W103/><G103/><T54/><D54/><U106/><E100/><V90/><F40/><W76/><G77/><T78/><D78/><U7/><E9/><V3/><F3/><W135/><G135/><T94/><D102/><U32/><E32/><V62/><F36/><W130/><G130/><T39/><D35/><U22/><E87/><V59/><F59/><W133/><G133/><T12/><AGARI ba="0,0" hai="12,17,20,26,30,33,39,42,47,63,64,68,92,94" machi="12" ten="20,1500,0" yaku="0,1,7,1" doraHai="0" who="0" fromWho="0" sc="281,15,188,-4,298,-4,233,-7" /><INIT seed="4,0,0,3,4,10" ten="296,184,294,226" oya="0" hai0="25,118,109,132,111,47,16,55,75,98,128,134,22" hai1="58,96,12,119,69,103,79,36,66,114,59,27,94" hai2="15,52,110,28,76,35,122,34,38,23,112,82,84" hai3="91,124,120,125,92,50,2,13,81,8,17,62,39"/><T43/><D118/><U24/><E119/><V117/><F117/><W61/><G39/><T78/><D128/><U53/><E36/><V63/><F38/><W64/><G2/><T60/><D78/><U135/><E135/><N who="0" m="51753" /><D75/><U95/><E114/><V102/><F112/><W126/><G81/><T45/><D98/><U33/><E79/><V86/><F122/><W65/><G50/><N who="0" m="29151" /><D60/><N who="3" m="23145" /><G120/><T87/><D87/><AGARI ba="0,0" hai="8,13,17,64,65,87,91,92,124,125,126" m="23145" machi="87" ten="30,2000,0" yaku="18,1,52,1" doraHai="10" who="3" fromWho="0" sc="296,-20,184,0,294,0,226,20" /><INIT seed="5,0,0,2,2,60" ten="276,184,294,246" oya="1" hai0="1,85,53,25,14,68,32,62,104,128,6,65,17" hai1="77,121,91,29,109,24,8,43,86,3,64,67,118" hai2="134,63,49,105,15,115,122,76,38,31,45,79,89" hai3="87,93,133,131,125,51,54,116,106,120,82,90,99"/><U96/><E118/><V70/><F122/><W55/><G120/><T73/><D73/><U58/><E121/><V103/><F38/><W102/><G125/><T30/><D128/><U56/><E109/><V36/><F36/><W20/><G131/><T127/><D127/><U117/><E117/><V101/><F134/><W5/><G133/><T66/><D104/><U74/><E74/><V130/><F130/><W18/><G116/><T71/><D85/><U52/><E43/><V46/><F31/><W97/><G5/><T83/><D83/><N who="1" m="47471" /><E3/><V4/><F46/><W7/><G7/><T0/><D53/><U47/><E8/><V37/><F37/><W21/><G51/><T59/><D0/><U112/><E112/><V23/><F89/><W114/><G114/><T2/><D2/><U9/><E9/><V129/><F101/><W84/><G84/><T110/><D110/><U75/><E75/><V88/><F103/><W80/><G80/><T123/><D123/><U42/><E42/><V12/><F105/><W81/><G81/><T35/><D35/><U135/><E135/><V27/><F129/><W44/><G44/><T119/><D119/><U113/><E113/><V19/><F115/><W92/><G106/><T34/><D34/><N who="1" m="20775" /><E47/><V22/><F4/><W95/><G95/><T57/><D6/><U108/><E108/><V100/><F79/><N who="3" m="46559" /><G21/><N who="0" m="11447" /><D1/><U48/><E58/><N who="0" m="22025" /><D68/><U10/><E10/><V39/><F76/><W132/><G132/><T11/><D11/><U72/><E72/><V78/><F78/><W33/><G33/><T40/><D40/><U28/><E28/><RYUUKYOKU ba="0,0" sc="276,10,184,10,294,-30,246,10" hai0="25,30,32,62,65,66,71" hai1="48,52,56,64,67,91,96" hai3="18,20,54,55,90,92,93,97,99,102" /><INIT seed="5,1,0,3,0,36" ten="286,194,264,256" oya="1" hai0="34,125,39,115,61,109,132,25,51,42,48,128,114" hai1="66,31,0,26,130,80,97,108,86,9,135,101,96" hai2="3,83,21,33,93,78,29,100,44,6,17,59,32" hai3="57,77,58,131,63,113,73,37,90,27,126,95,14"/><U107/><E135/><V8/><F59/><W49/><G37/><T65/><D109/><U122/><E122/><V45/><F33/><W104/><G104/><T116/><D116/><U69/><E130/><V124/><F124/><W24/><G113/><N who="0" m="43019" /><D132/><U123/><E108/><V118/><F118/><W46/><G131/><T75/><D75/><U7/><E123/><V119/><F119/><W105/><G105/><T38/><D38/><U1/><E96/><V60/><F60/><W84/><G58/><N who="0" m="37047" /><D128/><U134/><E134/><V10/><F10/><W28/><G28/><N who="0" m="19727" /><D125/><U53/><E53/><V50/><F29/><W11/><G73/><T127/><D127/><U22/><E66/><V71/><F32/><W5/><G77/><T13/><D13/><U19/><E69/><V12/><F71/><W103/><G103/><T112/><D112/><U98/><E98/><V106/><F106/><W18/><G5/><T79/><D79/><U54/><E54/><V133/><F133/><W91/><G91/><T74/><D74/><U62/><E62/><V68/><F68/><W121/><G121/><T89/><D89/><U70/><E70/><V111/><F111/><W47/><G47/><AGARI ba="1,0" hai="39,42,47,48,51" m="19727,37047,43019" machi="47" ten="30,2000,0" yaku="15,1,52,1" doraHai="36" who="0" fromWho="3" sc="286,23,194,0,264,0,256,-23" /><INIT seed="6,0,0,5,1,81" ten="309,194,264,233" oya="2" hai0="116,93,16,119,69,25,4,5,54,101,10,87,52" hai1="53,48,29,43,78,21,24,104,65,22,120,7,18" hai2="75,100,84,57,27,80,102,105,113,121,30,70,132" hai3="58,32,6,20,96,133,2,74,60,8,36,79,50"/><V88/><F121/><W26/><G133/><T124/><D124/><U13/><E120/><V35/><F132/><W129/><G36/><T103/><D69/><U23/><E104/><V134/><F134/><W17/><G129/><T123/><D123/><U38/><E38/><V135/><F135/><W31/><G79/><T86/><D4/><U9/><E43/><V67/><F113/><W89/><G74/><T3/><D101/><U47/><E65/><V130/><F130/><W106/><G50/><T125/><D125/><U126/><E126/><V59/><F75/><W115/><G115/><T15/><D25/><U131/><E131/><V95/><F95/><W122/><G122/><T109/><D103/><U46/><E46/><V107/><F102/><W97/><G89/><N who="0" m="53431" /><D87/><U45/><E45/><V98/><F107/><W73/><G73/><T66/><D66/><U83/><REACH who="1" step="1"/><E7/><REACH who="1" step="2"/><V112/><F112/><W39/><G39/><T77/><D5/><U19/><E19/><V1/><F1/><W28/><G106/><T11/><D16/><U71/><E71/><V110/><F110/><W62/><G28/><T34/><D109/><U85/><AGARI ba="0,1" hai="9,13,18,21,22,23,24,29,47,48,53,78,83,85" machi="85" ten="20,8000,1" yaku="1,1,0,1,7,1,8,1,52,1,53,0" doraHai="81" doraHaiUra="111" who="1" fromWho="1" sc="309,-20,184,90,264,-40,233,-20" /><INIT seed="7,0,0,5,4,81" ten="289,274,224,213" oya="3" hai0="41,74,11,14,27,44,10,30,70,126,20,66,25" hai1="38,12,78,53,102,117,1,71,103,7,52,86,80" hai2="62,124,77,59,72,57,64,49,51,18,9,24,19" hai3="120,2,118,47,84,88,79,110,109,61,105,8,129"/><W45/><G118/><T114/><D74/><U100/><E1/><V35/><F124/><W97/><G120/><T93/><D126/><U101/><E71/><V91/><F72/><W32/><G79/><T67/><D114/><U65/><E38/><V132/><F132/><W23/><G32/><T87/><D27/><U36/><E36/><V99/><F77/><W16/><G61/><T33/><D33/><U92/><E65/><N who="0" m="24585" /><D14/><U104/><E104/><V43/><F35/><W29/><G29/><T95/><D95/><U133/><E133/><V34/><F34/><W3/><G129/><T106/><D106/><U112/><E112/><V4/><F24/><N who="3" m="14439" /><G97/><T13/><D13/><U127/><E127/><V31/><F31/><W85/><G105/><T94/><D94/><U116/><E116/><V50/><F99/><W28/><G28/><T111/><D70/><U58/><E58/><V128/><F128/><W40/><G8/><T26/><D26/><U48/><E117/><V15/><F59/><W122/><G85/><T69/><D69/><U54/><E7/><V123/><F123/><W135/><G135/><T125/><D111/><N who="3" m="42505" /><G122/><T68/><D125/><U75/><E75/><V121/><F121/><W73/><G73/><T6/><D68/><U17/><E103/><V39/><F91/><W113/><G113/><T56/><D56/><N who="1" m="32775" /><E92/><V83/><F83/><N who="3" m="49183" /><G47/><T5/><D10/><AGARI ba="0,0" hai="10,12,17,53,54,78,80,86,100,101,102" m="32775" machi="10" ten="30,3900,0" yaku="8,1,52,1,54,1" doraHai="81" who="1" fromWho="0" sc="289,-39,274,39,224,0,213,0" owari="250,5,313,42,224,-18,213,-29" /></mjloggm>