<mjloggm ver="2.3"><GO type="169"/><UN n0="%E5%8F%82%E7%B3%BB%E5%A4%A7%E6%9C%AC%E5%96%B6" n1="%70%74%E5%8A%B9%E7%8E%87%E6%89%93%E6%B3%95" n2="%74%61%72%6F%6F" n3="%E3%83%9C%E3%82%AB%E3%83%86%E3%83%B3" dan="16,16,16,16" rate="2134,2091,2067,2044" sx="M,M,M,M"/><TAIKYOKU oya="0"/><INIT seed="0,0,0,0,4,71" ten="250,250,250,250" oya="0" hai0="26,23,47,112,46,12,31,73,2,4,123,96,118" hai1="55,104,122,33,37,119,43,6,27,11,32,98,86" hai2="14,83,129,100,45,89,28,42,48,133,87,13,101" hai3="75,34,58,91,53,131,128,3,106,49,0,90,92"/><T130/><D123/><U60/><E122/><V99/><F129/><N who="3" m="49739" /><G34/><T67/><D130/><U93/><E119/><V57/><F133/><W135/><G106/><T70/><D118/><U16/><E86/><V41/><F41/><W59/><G75/><T114/><D2/><N who="3" m="553" /><G135/><T115/><D73/><U120/><E6/><V110/><F110/><W76/><G76/><T108/><D108/><U30/><E32/><V52/><F28/><W88/><G59/><T121/><D121/><U69/><E104/><V107/><REACH who="2" step="1"/><F100/><REACH who="2" step="2"/><W125/><G125/><T35/><D115/><U132/><E132/><V84/><F84/><AGARI ba="0,1" hai="49,53,58,84,88,90,91,92" m="553,49739" machi="84" ten="30,2000,0" yaku="19,1,54,1" doraHai="71" who="3" fromWho="2" sc="250,0,250,0,240,-20,250,30" /><INIT seed="1,0,0,0,4,13" ten="250,250,220,280" oya="1" hai0="71,126,34,43,70,84,61,115,89,86,124,91,3" hai1="19,50,81,28,110,108,39,135,121,64,62,11,27" hai2="29,46,45,1,95,118,25,114,31,128,9,38,24" hai3="117,15,87,20,66,67,65,63,105,82,0,37,88"/><U72/><E39/><V53/><F118/><W68/><G0/><T125/><D3/><U94/><E121/><V134/><F128/><W93/><G105/><T131/><D34/><U14/><E135/><V49/><F134/><W112/><G37/><T79/><D115/><U48/><E94/><V98/><F114/><W116/><G112/><T57/><D131/><U78/><E50/><V104/><F104/><W2/><G2/><T5/><D5/><U35/><REACH who="1" step="1"/><E48/><REACH who="1" step="2"/><V22/><F38/><W120/><G120/><T113/><D113/><U130/><E130/><V60/><F45/><W59/><G117/><T21/><D43/><U36/><E36/><V96/><F95/><W7/><G116/><T119/><D119/><U40/><E40/><V4/><REACH who="2" step="1"/><F60/><REACH who="2" step="2"/><W44/><G93/><N who="0" m="54439" /><D124/><U127/><E127/><V101/><F101/><W97/><G63/><T111/><D125/><U32/><E32/><AGARI ba="0,2" hai="1,4,9,22,24,25,29,31,32,46,49,53,96,98" machi="32" ten="30,2000,0" yaku="1,1,7,1,53,0" doraHai="13" doraHaiUra="90" who="2" fromWho="1" sc="250,0,240,-20,210,40,280,0" /><INIT seed="2,0,0,1,2,66" ten="250,220,250,280" oya="2" hai0="63,69,44,77,111,121,57,1,116,30,32,120,54" hai1="61,135,102,27,33,50,65,81,94,12,118,83,124" hai2="133,38,93,101,129,91,96,28,29,125,2,106,18" hai3="3,132,21,78,41,51,113,92,52,105,37,26,108"/><V20/><F38/><W115/><G3/><T70/><D1/><U79/><E118/><V8/><F125/><W109/><G105/><T43/><D30/><U84/><E124/><V107/><F133/><W40/><G132/><T80/><D32/><U6/><E135/><V131/><F107/><W103/><G78/><T128/><D80/><U95/><E102/><V110/><F110/><N who="3" m="42603" /><G103/><T104/><D77/><U10/><E50/><V71/><F8/><W36/><G92/><T60/><D104/><U112/><E112/><N who="3" m="43082" /><G37/><N who="0" m="21615" /><D111/><U130/><E130/><N who="2" m="49675" /><F2/><W68/><G68/><N who="0" m="26219" /><D128/><U99/><E81/><V56/><F71/><W49/><G36/><T74/><D74/><U23/><E33/><V86/><F56/><N who="3" m="32783" /><G51/><N who="0" m="30943" /><D116/><U25/><E83/><V0/><F0/><W85/><G85/><T90/><D90/><U42/><E84/><V59/><F86/><W39/><G39/><T127/><D127/><U9/><E94/><V73/><F73/><W15/><G15/><T88/><D88/><U47/><E95/><V82/><F82/><W64/><G21/><T17/><D17/><U119/><E23/><V14/><F91/><W117/><G26/><T67/><D67/><U34/><E27/><V24/><F14/><W4/><G117/><T76/><D76/><U13/><E12/><V134/><F134/><W72/><G72/><T126/><D126/><U53/><E13/><V31/><F106/><W7/><G64/><T16/><D16/><U11/><E119/><V35/><F35/><W75/><G75/><T55/><D55/><U114/><E34/><V122/><F24/><W5/><AGARI ba="0,0" hai="4,5,7,40,41" m="32783,43082,42603" machi="5" ten="40,8000,1" yaku="5,1,14,1,11,1,54,1" doraHai="66" who="3" fromWho="3" sc="250,-20,220,-20,250,-40,280,80" /><INIT seed="3,0,0,4,2,134" ten="230,200,210,360" oya="3" hai0="68,43,63,52,113,59,119,71,40,70,87,22,107" hai1="96,31,125,109,16,1,88,126,46,127,132,33,51" hai2="100,102,131,98,54,84,27,34,60,26,103,122,121" hai3="116,77,53,3,28,41,112,130,4,11,61,29,56"/><W106/><G106/><T58/><D107/><U48/><E1/><V95/><F131/><W23/><G112/><T36/><D22/><U93/><E132/><V105/><F34/><W78/><G116/><T85/><D85/><U24/><E109/><V94/><F60/><W117/><G117/><T7/><D87/><U81/><E81/><V2/><F2/><W101/><G101/><N who="2" m="39017" /><F54/><W55/><G130/><T15/><D15/><U83/><E83/><V18/><F18/><W5/><G41/><N who="0" m="15947" /><D7/><U76/><E76/><V67/><F67/><W114/><G114/><T62/><D119/><U123/><E123/><N who="2" m="47115" /><F84/><W75/><G3/><T108/><D113/><U45/><E16/><V90/><F90/><W64/><G64/><N who="0" m="38999" /><D108/><U66/><E66/><V65/><F65/><W30/><G30/><T89/><D89/><U124/><E124/><V20/><F20/><W135/><G23/><T35/><D35/><U19/><E19/><V110/><F110/><W91/><G91/><T8/><D8/><U42/><E42/><V12/><F12/><W44/><G11/><T80/><D80/><U25/><E24/><AGARI ba="0,0" hai="24,26,27,94,95,98,103,105" m="47115,39017" machi="24" ten="30,1000,0" yaku="13,1" doraHai="134" who="2" fromWho="1" sc="230,0,200,-10,210,10,360,0" /><INIT seed="4,0,0,3,3,95" ten="230,190,220,360" oya="0" hai0="25,111,1,110,39,54,81,11,85,124,28,88,90" hai1="67,13,121,30,104,125,112,84,48,32,62,131,122" hai2="108,92,93,130,123,96,59,16,65,31,106,126,109" hai3="10,8,101,26,128,20,70,115,43,114,18,53,97"/><T105/><D39/><U64/><E104/><V22/><F123/><W66/><G43/><T118/><D118/><U116/><E116/><V0/><F0/><W58/><G128/><T14/><D1/><U73/><E73/><V21/><F130/><W37/><G37/><T100/><D124/><U12/><E131/><V80/><F106/><W5/><G66/><T17/><D54/><U86/><E48/><V60/><F92/><W78/><G78/><T79/><D100/><U135/><E30/><V38/><F38/><W24/><G24/><T63/><D63/><U132/><E32/><V72/><F126/><W107/><G70/><T46/><D46/><U119/><E119/><V99/><F99/><W120/><G120/><T15/><D15/><U23/><E23/><V40/><F40/><W4/><G4/><T82/><D105/><U87/><E87/><V50/><F50/><W129/><G129/><T45/><D45/><U52/><E125/><V83/><F72/><W89/><G89/><T57/><D57/><U127/><E127/><V75/><F75/><W94/><G107/><T102/><D102/><U55/><REACH who="1" step="1"/><E112/><REACH who="1" step="2"/><V113/><F113/><W56/><G115/><T91/><REACH who="0" step="1"/><D82/><REACH who="0" step="2"/><U6/><E6/><V134/><F83/><W69/><G114/><T9/><D9/><U133/><E133/><V49/><F134/><W42/><G8/><T7/><D7/><U47/><E47/><V35/><F80/><W76/><G5/><T103/><D103/><U3/><E3/><V2/><F2/><W29/><G10/><T41/><D41/><U98/><E98/><RYUUKYOKU ba="0,2" sc="220,15,180,15,220,-15,360,-15" hai0="11,14,17,25,28,79,81,85,88,90,91,110,111" hai1="12,13,52,55,62,64,67,84,86,121,122,132,135" /><INIT seed="4,1,2,1,5,117" ten="235,195,205,345" oya="0" hai0="82,32,74,129,73,31,91,92,63,39,105,23,62" hai1="43,72,60,109,77,108,29,42,75,19,16,14,122" hai2="103,87,52,83,18,95,120,44,61,112,125,46,41" hai3="70,130,7,17,15,65,89,67,85,56,93,90,11"/><T9/><D105/><U28/><E14/><V106/><F106/><W88/><G70/><T110/><D32/><U27/><E60/><V86/><F112/><W33/><G33/><T116/><D116/><U58/><E58/><N who="2" m="35015" /><F120/><W96/><G130/><T71/><D39/><U25/><REACH who="1" step="1"/><E77/><REACH who="1" step="2"/><N who="2" m="46447" /><F125/><W118/><G118/><T132/><D110/><U101/><E101/><V84/><F18/><W66/><G17/><T45/><D129/><U127/><E127/><V123/><F123/><AGARI ba="1,3" hai="16,19,25,27,28,29,42,43,72,75,108,109,122,123" machi="123" ten="25,12000,2" yaku="1,1,22,2,52,2,54,1,53,0" doraHai="117" doraHaiUra="99" who="1" fromWho="2" sc="235,0,185,153,205,-123,345,0" /><INIT seed="5,0,0,1,4,28" ten="235,338,82,345" oya="1" hai0="73,0,33,81,113,45,2,104,120,127,57,22,18" hai1="131,10,71,30,4,123,41,93,6,42,129,82,56" hai2="122,7,40,20,31,52,87,43,68,39,102,79,72" hai3="76,11,133,110,24,21,54,100,8,13,53,34,135"/><U26/><E71/><V106/><F68/><W3/><G100/><T128/><D128/><N who="1" m="49227" /><E123/><V14/><F122/><W19/><G76/><T83/><D120/><U75/><E93/><V124/><F72/><W12/><G54/><T74/><D104/><U88/><E56/><V48/><F124/><W125/><G53/><T118/><D118/><U70/><E70/><V23/><F106/><W44/><G44/><T119/><D119/><U99/><E75/><V51/><F102/><W29/><G125/><T112/><D127/><U91/><E99/><V67/><F67/><W89/><G89/><N who="1" m="34378" /><E82/><N who="0" m="31241" /><D45/><U80/><E80/><N who="2" m="47519" /><F48/><W105/><G105/><T5/><D57/><U36/><E36/><V50/><F50/><W25/><G110/><T94/><D94/><U63/><E63/><V107/><F107/><W77/><G77/><T55/><D55/><U126/><E126/><V47/><F39/><W1/><G133/><T108/><D108/><U15/><E6/><V98/><F98/><W49/><G135/><T90/><D90/><U27/><E27/><N who="2" m="16871" /><F7/><N who="3" m="3103" /><G49/><T60/><D60/><U37/><E37/><V95/><F95/><W59/><G59/><T132/><D132/><U78/><E78/><V46/><F46/><W114/><G114/><N who="0" m="44139" /><D5/><AGARI ba="0,0" hai="1,3,5,11,13,19,21,24,25,29,34" m="3103" machi="5" ten="30,12000,2" yaku="35,5,52,1" doraHai="28" who="3" fromWho="0" sc="235,-120,338,0,82,0,345,120" /><INIT seed="6,0,0,5,1,97" ten="115,338,82,465" oya="2" hai0="135,86,107,11,129,27,78,128,57,1,69,12,9" hai1="116,112,123,82,92,22,83,132,16,125,7,51,76" hai2="61,24,34,46,53,127,101,38,67,81,113,29,4" hai3="41,110,114,15,95,124,120,88,26,25,40,104,98"/><V85/><F127/><W18/><G110/><T103/><D69/><U84/><E116/><V74/><F74/><W130/><G120/><T36/><D36/><U71/><E71/><V102/><F113/><W134/><G130/><N who="0" m="50283" /><D135/><U33/><E33/><V21/><F4/><W90/><G124/><T80/><D1/><U60/><E60/><V118/><F34/><W14/><G134/><T19/><D27/><U5/><E112/><V42/><F53/><W28/><G104/><T8/><D57/><U44/><E123/><V58/><REACH who="2" step="1"/><F118/><REACH who="2" step="2"/><W121/><G114/><T3/><D3/><U62/><E125/><V17/><F17/><W63/><G121/><T73/><D73/><U49/><E132/><V91/><AGARI ba="0,1" hai="21,24,29,38,42,46,58,61,67,81,85,91,101,102" machi="91" ten="20,12000,1" yaku="1,1,0,1,7,1,52,2,53,0" doraHai="97" doraHaiUra="100" who="2" fromWho="2" sc="115,-40,338,-40,72,130,465,-40" /><INIT seed="6,1,0,2,1,18" ten="75,298,202,425" oya="2" hai0="0,28,81,125,45,4,132,47,55,119,52,89,80" hai1="104,35,93,79,22,16,75,2,130,121,24,126,19" hai2="30,10,14,133,118,46,116,57,63,9,101,114,77" hai3="97,58,115,1,86,12,51,25,78,72,103,65,110"/><V64/><F114/><W127/><G1/><T83/><D119/><U69/><E104/><V49/><F133/><W90/><G110/><T66/><D132/><U3/><E69/><V105/><F77/><W67/><G115/><T96/><D125/><U113/><E113/><V131/><F131/><W73/><G73/><T106/><D106/><U98/><E126/><V74/><F74/><W87/><G72/><T92/><D66/><U15/><E130/><V124/><F124/><W85/><G78/><T38/><D28/><U135/><E135/><V71/><F57/><W54/><G90/><T68/><D68/><U33/><E121/><V107/><F107/><W27/><G12/><T117/><D117/><U134/><E134/><V48/><F30/><W7/><G7/><T42/><REACH who="0" step="1"/><D47/><REACH who="0" step="2"/><U76/><E35/><V8/><F46/><W61/><G127/><T123/><D123/><U37/><E33/><V82/><F116/><W21/><G67/><T44/><D44/><U120/><E120/><V100/><F118/><W53/><G65/><T11/><AGARI ba="1,1" hai="0,4,11,38,42,45,52,55,80,81,83,89,92,96" machi="11" ten="30,4000,0" yaku="1,1,0,1,54,1,53,0" doraHai="18" doraHaiUra="13" who="0" fromWho="0" sc="65,53,298,-11,202,-21,425,-11" /><INIT seed="7,0,0,2,3,19" ten="118,287,181,414" oya="3" hai0="123,34,25,21,129,73,5,134,75,76,28,32,120" hai1="127,131,74,15,117,77,79,20,69,128,130,132,45" hai2="98,90,68,64,41,108,100,8,133,27,105,82,102" hai3="92,119,81,48,107,122,78,12,110,47,31,49,30"/><W50/><G107/><T57/><D76/><U14/><E69/><V33/><F108/><W101/><G110/><T94/><D57/><U58/><E117/><V4/><F133/><W96/><G12/><T51/><D51/><U111/><E111/><V0/><F41/><W83/><G119/><T40/><D40/><U16/><E132/><V56/><F100/><W22/><G122/><N who="0" m="46635" /><D94/><U54/><E45/><V61/><F56/><W91/><G22/><N who="0" m="15415" /><D73/><U1/><E1/><V29/><F90/><W118/><G118/><T104/><D75/><U114/><E114/><V52/><F52/><W59/><G59/><T7/><D104/><U135/><E135/><V38/><F82/><W112/><G112/><T11/><D134/><U42/><E127/><V17/><F17/><W3/><G83/><T63/><D63/><U62/><E42/><V65/><F65/><W71/><G81/><T115/><D115/><U109/><E109/><V39/><AGARI ba="0,0" hai="0,4,8,27,29,33,38,39,61,64,68,98,102,105" machi="39" ten="30,12000,2" yaku="0,1,25,2,33,3" doraHai="19" who="2" fromWho="2" sc="118,-30,287,-30,181,120,414,-60" owari="88,-41,257,-14,301,10,354,45" /></mjloggm>