<mjloggm ver="2.3"><GO type="225"/><UN n0="%E6%A1%9C%E7%8E%8B%E5%A5%B3" n1="%E6%9C%AC%E7%89%A9%E5%A5%B3%E5%AD%90%E9%AB%98%E7%94%9F" n2="%E3%81%B3%E3%82%8A%E3%81%B3%E3%82%8A%E2%98%86%E3%83%93%E3%83%AA%E3%83%BC" n3="%68%69%74%65%72" dan="17,17,16,16" rate="2190,2100,2172,2077" sx="F,F,M,M"/><TAIKYOKU oya="0"/><INIT seed="0,0,0,5,4,112" ten="250,250,250,250" oya="0" hai0="125,28,18,90,117,19,115,111,65,39,123,114,82" hai1="11,26,5,20,10,13,119,22,83,72,32,60,130" hai2="48,77,14,134,51,53,57,58,1,43,6,95,104" hai3="23,71,54,64,124,135,101,4,3,33,85,8,79"/><T67/><D123/><U24/><E60/><V59/><F104/><W68/><G33/><T25/><D39/><U75/><E83/><V132/><F1/><W93/><G135/><N who="2" m="51753" /><F77/><W107/><G124/><T113/><D125/><U0/><E75/><V50/><F6/><W97/><G23/><N who="1" m="8746" /><E72/><V118/><F14/><W55/><G64/><T9/><D117/><U38/><E38/><V106/><F106/><W62/><G79/><T2/><D111/><U126/><E126/><V110/><F110/><W15/><G3/><T78/><D90/><U120/><E120/><V63/><F95/><W44/><G44/><T36/><D36/><U27/><E130/><V103/><F103/><W81/><G107/><T109/><D109/><U116/><E32/><V131/><F131/><W74/><G74/><T56/><D2/><U91/><E91/><V87/><F87/><W96/><G96/><T52/><D82/><U105/><E105/><V17/><F17/><AGARI ba="0,0" hai="0,5,10,11,13,17,24,26,27,116,119" m="8746" machi="17" ten="30,7700,0" yaku="34,2,52,2" doraHai="112" who="1" fromWho="2" sc="250,0,250,77,250,-77,250,0" /><INIT seed="1,0,0,0,3,26" ten="250,327,173,250" oya="1" hai0="22,80,132,16,100,117,96,19,123,42,116,43,81" hai1="86,128,101,5,13,125,18,31,79,121,6,131,39" hai2="68,84,3,113,33,119,66,41,110,1,103,0,76" hai3="71,46,109,97,133,29,63,10,105,27,124,60,98"/><U28/><E39/><V48/><F119/><W134/><G109/><T36/><D132/><N who="3" m="50793" /><G124/><T106/><D123/><U122/><E101/><V58/><F33/><N who="3" m="20671" /><G10/><T95/><D106/><U72/><E72/><V8/><F68/><W50/><G105/><T44/><D42/><U112/><E125/><V126/><F110/><W17/><G17/><T11/><D116/><U88/><E79/><V89/><F126/><W127/><G127/><T99/><D117/><U82/><E112/><V57/><F113/><W51/><G51/><T12/><REACH who="0" step="1"/><D96/><REACH who="0" step="2"/><N who="3" m="36969" /><G71/><T70/><D70/><U104/><E104/><V23/><F41/><AGARI ba="0,1" hai="41,46,50,60,63" m="36969,20671,50793" machi="41" ten="30,2000,0" yaku="20,1,52,1" doraHai="26" who="3" fromWho="2" sc="240,0,327,0,173,-20,250,30" /><INIT seed="2,0,0,3,0,22" ten="240,327,153,280" oya="2" hai0="43,121,65,3,104,79,125,47,92,50,60,27,88" hai1="89,45,103,41,14,67,53,49,5,9,132,108,12" hai2="106,51,74,82,7,119,114,76,42,37,63,16,62" hai3="20,70,35,32,120,81,64,99,110,109,17,118,31"/><V77/><F114/><W54/><G120/><T113/><D121/><U73/><E108/><N who="3" m="41578" /><G118/><T94/><D104/><U11/><E73/><V61/><F119/><W97/><G81/><T57/><D3/><U129/><E103/><V68/><F106/><W29/><G54/><T84/><D113/><U124/><E124/><V72/><F51/><W28/><G64/><T56/><D125/><U127/><E127/><V135/><F135/><W2/><G70/><T131/><D79/><U69/><E129/><V1/><F16/><W95/><G2/><T117/><D131/><U30/><E30/><V10/><F77/><W116/><G116/><T102/><D117/><U38/><E132/><V100/><F100/><N who="3" m="60479" /><G99/><N who="0" m="59767" /><D57/><N who="1" m="32943" /><E89/><V98/><F98/><W96/><G96/><T128/><D128/><U44/><E44/><N who="2" m="23631" /><F72/><W25/><AGARI ba="0,0" hai="17,20,25,28,29,31,32,35" m="60479,41578" machi="25" ten="30,2000,0" yaku="14,1,52,1" doraHai="22" who="3" fromWho="3" sc="240,-5,327,-5,153,-10,280,20" /><INIT seed="3,0,0,5,3,25" ten="235,322,143,300" oya="3" hai0="95,24,76,27,9,37,86,71,41,133,113,10,15" hai1="94,131,19,79,110,73,99,58,40,84,125,81,6" hai2="52,51,32,55,36,30,134,68,98,114,1,4,42" hai3="54,85,70,39,12,97,72,88,17,57,93,53,77"/><W5/><G39/><T11/><D71/><U127/><E110/><V23/><F114/><W102/><G70/><T123/><D123/><U106/><E131/><V13/><F68/><W100/><G5/><T112/><D133/><U7/><E40/><V61/><F134/><W129/><G129/><T45/><D15/><U69/><E69/><V118/><F118/><W21/><G72/><T116/><D116/><U43/><E43/><V119/><F119/><W35/><G35/><T108/><D108/><U14/><E58/><V104/><F36/><W31/><G31/><T46/><D46/><U62/><E62/><V22/><F22/><W59/><G77/><T63/><D63/><U122/><E122/><V34/><F34/><W128/><G128/><T38/><D38/><U28/><E28/><V121/><F121/><W18/><G17/><T8/><D8/><N who="1" m="6599" /><E106/><V65/><F42/><W47/><G47/><T26/><D76/><U49/><E49/><V120/><F120/><W75/><G75/><T50/><D37/><U90/><E73/><V29/><F32/><W60/><G97/><T115/><D95/><U83/><E81/><V33/><F33/><W2/><G2/><T96/><D86/><U135/><E135/><V126/><F1/><W91/><G91/><T20/><D96/><U48/><E48/><AGARI ba="0,0" hai="12,18,21,48,53,54,57,59,60,85,88,93,100,102" machi="48" ten="30,12000,1" yaku="7,1,25,2,8,1,54,1" doraHai="25" who="3" fromWho="1" sc="235,0,322,-120,143,0,300,120" owari="235,4,202,-20,143,-36,420,52" /></mjloggm>