<mjloggm ver="2.3"><GO type="225"/><UN n0="%E3%81%BF%E3%81%A3%E3%81%A4%E3%81%83%EF%BD%9E" n1="%E4%B8%AD%E7%94%BA%E3%81%8B%E3%81%AA" n2="%E3%83%9E%E3%83%BC%E3%82%AF%EF%BC%92" n3="%E3%81%B3%E3%82%8A%E3%81%B3%E3%82%8A%E2%98%86%E3%83%93%E3%83%AA%E3%83%BC" dan="17,16,17,16" rate="2118,2066,2123,2121" sx="F,F,M,M"/><TAIKYOKU oya="0"/><INIT seed="0,0,0,0,2,102" ten="250,250,250,250" oya="0" hai0="127,78,113,114,106,125,85,14,8,77,52,98,56" hai1="21,124,27,123,79,80,104,60,93,133,39,36,49" hai2="69,30,72,73,41,95,26,3,6,75,0,43,5" hai3="47,61,4,97,24,134,101,129,81,83,108,42,1"/><T51/><D114/><U7/><E123/><V63/><F69/><W34/><G108/><T89/><D113/><U25/><E124/><N who="0" m="47689" /><D98/><U23/><E133/><V17/><F63/><W54/><G129/><T50/><D50/><U37/><E7/><N who="2" m="2571" /><F95/><W33/><G134/><T32/><D32/><U74/><E60/><V40/><F17/><W122/><G34/><T57/><D57/><U45/><E93/><V103/><F103/><W111/><G111/><T84/><D106/><U112/><E112/><V96/><F96/><W11/><G122/><T15/><D85/><U16/><E104/><V67/><F67/><W87/><G87/><T115/><D115/><U38/><N who="1" m="9728" /><DORA hai="62" /><U35/><E35/><V20/><F30/><W76/><G33/><T10/><D10/><U55/><REACH who="1" step="1"/><E23/><REACH who="1" step="2"/><V29/><F20/><W48/><G11/><T13/><D8/><U59/><E59/><V116/><F116/><W66/><G61/><T82/><AGARI ba="0,1" hai="13,14,15,51,52,56,77,78,82,84,89" m="47689" machi="82" ten="30,3000,0" yaku="18,1,54,1" doraHai="102,62" who="0" fromWho="0" sc="250,40,240,-10,250,-10,250,-10" /><INIT seed="0,1,0,0,5,10" ten="290,230,240,240" oya="0" hai0="52,86,41,114,42,118,49,7,32,63,65,9,8" hai1="82,11,36,109,112,88,59,125,22,31,73,37,76" hai2="134,27,44,68,115,45,60,79,48,83,94,93,71" hai3="98,19,133,78,91,15,62,1,46,40,18,101,110"/><T84/><D32/><U3/><E109/><V81/><F115/><W132/><G1/><T116/><D114/><U30/><E112/><V26/><F134/><N who="3" m="51819" /><G110/><T113/><D113/><U121/><E121/><V50/><F60/><W128/><G128/><T100/><D100/><U0/><E125/><V33/><F33/><W12/><G78/><AGARI ba="1,0" hai="26,27,44,45,48,50,68,71,78,79,81,83,93,94" machi="78" ten="25,1600,0" yaku="22,2" doraHai="10" who="2" fromWho="3" sc="290,0,230,0,240,19,240,-19" /><INIT seed="1,0,0,3,0,82" ten="290,230,259,221" oya="1" hai0="39,59,45,106,87,90,108,7,105,81,38,88,127" hai1="28,22,64,50,121,67,76,33,42,29,95,129,23" hai2="27,99,132,10,73,66,44,109,3,60,61,72,47" hai3="113,102,98,51,114,16,93,124,92,69,134,58,55"/><U8/><E121/><V41/><F132/><W21/><G134/><T126/><D59/><U65/><E33/><V2/><F109/><W119/><G124/><N who="0" m="47659" /><D7/><U85/><E129/><V70/><F99/><W107/><G119/><T100/><D108/><U115/><E8/><V110/><F110/><W56/><G69/><T35/><D35/><U84/><E115/><V31/><F61/><W13/><G114/><T101/><D90/><N who="1" m="53703" /><E42/><V125/><F125/><W24/><G113/><T130/><D130/><U20/><E50/><V25/><F25/><W89/><G107/><N who="0" m="40971" /><D45/><U12/><E12/><V40/><F47/><W48/><G58/><T32/><D32/><U94/><E94/><V57/><F70/><W78/><G78/><T117/><D117/><U36/><E36/><AGARI ba="0,0" hai="36,38,39,81,87,88,100,101" m="40971,47659" machi="36" ten="40,5200,0" yaku="18,1,52,1,54,1" doraHai="82" who="0" fromWho="1" sc="290,52,230,-52,259,0,221,0" /><INIT seed="2,0,0,3,0,129" ten="342,178,259,221" oya="2" hai0="111,11,112,22,63,84,25,37,135,35,49,66,18" hai1="0,40,99,48,2,30,98,78,60,42,109,117,79" hai2="83,51,90,94,121,96,91,101,65,118,45,81,50" hai3="132,77,104,130,106,6,33,70,13,69,126,88,89"/><V46/><F121/><W127/><G33/><T67/><D37/><U12/><E60/><V32/><F118/><W28/><G28/><T47/><D35/><U26/><E117/><V107/><F32/><W72/><G6/><T80/><D112/><U24/><E12/><V9/><F65/><W95/><G13/><T3/><D111/><U62/><E62/><V134/><F134/><W125/><G130/><T29/><D135/><U58/><E109/><V39/><F39/><W68/><G132/><T44/><D3/><U122/><E58/><V31/><F31/><W53/><G53/><T105/><D105/><N who="3" m="40553" /><G95/><T115/><D115/><U110/><E110/><V114/><F114/><W1/><G1/><T15/><D63/><U57/><E57/><V19/><F107/><W123/><G123/><T103/><D103/><U64/><E122/><V10/><F19/><W128/><G128/><T27/><D27/><U52/><E48/><V74/><F74/><W75/><G77/><N who="0" m="46095" /><D47/><U38/><E38/><V8/><F101/><W120/><G120/><T14/><D15/><U86/><E64/><V34/><F34/><W54/><G54/><AGARI ba="0,0" hai="11,14,18,22,25,29,44,49,54,66,67" m="46095" machi="54" ten="30,1000,0" yaku="8,1" doraHai="129" who="0" fromWho="3" sc="342,10,178,0,259,0,221,-10" /><INIT seed="3,0,0,5,2,97" ten="352,178,259,211" oya="3" hai0="127,40,69,90,2,115,25,88,52,80,23,100,58" hai1="14,34,59,93,79,65,7,76,33,15,9,31,118" hai2="42,30,28,39,133,99,94,53,124,107,64,45,29" hai3="134,46,84,48,66,86,50,41,13,16,36,87,3"/><W102/><G134/><T126/><D100/><U91/><E118/><V112/><F112/><W78/><G3/><T27/><D69/><U56/><E31/><V49/><F133/><W83/><G66/><T18/><D2/><U120/><E120/><V123/><F123/><W116/><G116/><T101/><D101/><U131/><E131/><V77/><F124/><N who="0" m="47658" /><D40/><U89/><E65/><V44/><F107/><W61/><G102/><T108/><D108/><U82/><E93/><V114/><F114/><W103/><G103/><T113/><D27/><U104/><E82/><V22/><F77/><W55/><G61/><N who="0" m="36039" /><D88/><U111/><E111/><V135/><F99/><W51/><REACH who="3" step="1"/><G55/><REACH who="3" step="2"/><T6/><D115/><U0/><E0/><V19/><F135/><W109/><G109/><T73/><D113/><U72/><E104/><V8/><F64/><W98/><G98/><T122/><D122/><U129/><E129/><V117/><F117/><W74/><G74/><T110/><D73/><U54/><E72/><V24/><REACH who="2" step="1"/><F94/><REACH who="2" step="2"/><W85/><G85/><N who="0" m="50471" /><D110/><U105/><E105/><V71/><F71/><W67/><G67/><T125/><D125/><U63/><E54/><V92/><F92/><W1/><G1/><T121/><D121/><U119/><E119/><V32/><F32/><W130/><G130/><T10/><D6/><U5/><E63/><V60/><F60/><W38/><G38/><T47/><D10/><RYUUKYOKU type="ron3" ba="0,2" sc="352,0,178,0,249,0,201,0" hai1="5,7,9,14,15,33,34,56,59,76,79,89,91" hai2="8,19,22,24,28,29,30,39,42,44,45,49,53" hai3="13,16,36,41,46,48,50,51,78,83,84,86,87" /><INIT seed="3,1,2,5,4,128" ten="352,178,249,201" oya="3" hai0="37,73,116,125,52,55,92,20,80,71,9,61,88" hai1="54,94,133,51,30,70,112,59,58,129,64,106,35" hai2="56,14,120,90,25,15,5,18,76,65,87,40,127" hai3="126,78,8,7,6,75,134,85,105,26,44,32,0"/><W68/><G85/><N who="0" m="50215" /><D37/><U24/><E112/><V31/><F127/><W29/><G126/><T38/><D38/><U122/><E122/><V124/><F120/><W103/><G44/><T114/><D73/><U117/><E129/><V11/><F124/><W79/><G7/><T109/><D71/><U28/><E117/><V108/><F108/><W102/><G102/><T83/><D109/><U66/><E106/><V91/><F40/><W123/><G123/><T43/><D125/><U72/><E72/><V67/><F76/><W1/><G79/><T16/><D116/><U45/><E70/><V62/><F67/><W21/><G68/><T74/><D74/><U3/><E3/><V36/><F36/><W101/><G1/><T13/><D43/><U115/><E115/><V41/><F41/><W130/><G130/><T119/><D119/><U96/><E30/><V48/><F48/><W111/><G111/><T50/><D83/><U107/><E107/><V135/><F31/><W42/><G42/><T17/><D114/><U63/><E133/><V104/><F135/><W132/><G105/><T53/><D92/><U33/><E33/><V98/><F104/><W84/><G75/><T113/><D113/><U12/><E12/><V22/><F14/><W19/><G132/><T39/><D39/><U95/><REACH who="1" step="1"/><E96/><REACH who="1" step="2"/><V82/><F98/><W49/><G134/><T89/><D61/><AGARI ba="1,3" hai="24,28,35,45,51,54,58,59,61,63,64,66,94,95" machi="61" ten="40,5200,0" yaku="1,1,2,1,9,1,53,0" doraHai="128" doraHaiUra="81" who="1" fromWho="0" sc="352,-55,168,85,249,0,201,0" /><INIT seed="4,0,0,1,5,40" ten="297,253,249,201" oya="0" hai0="133,11,54,9,97,92,103,42,0,20,80,1,101" hai1="115,74,7,82,28,5,56,93,3,67,109,75,63" hai2="102,53,68,47,50,64,73,84,116,91,94,45,34" hai3="25,130,39,112,86,121,110,16,62,55,125,22,2"/><T44/><D133/><U96/><E109/><V59/><F73/><W126/><G110/><T52/><D1/><U27/><E115/><V15/><F34/><W78/><G39/><T41/><D0/><U122/><E122/><V120/><F120/><W24/><G2/><T99/><D80/><U119/><E119/><V19/><F116/><W69/><G121/><T98/><D20/><U135/><E135/><V49/><F102/><N who="0" m="38922" /><D92/><U30/><E30/><V131/><F131/><W14/><G130/><T60/><D52/><U17/><E3/><V104/><F104/><W81/><G112/><T123/><D123/><U129/><E82/><V128/><F128/><W58/><REACH who="3" step="1"/><G69/><REACH who="3" step="2"/><T87/><D87/><U10/><E129/><V85/><F84/><W4/><G4/><T77/><D99/><U21/><E5/><V43/><F68/><W79/><G79/><T18/><D77/><U8/><E7/><V72/><F72/><W127/><AGARI ba="0,1" hai="14,16,22,24,25,55,58,62,78,81,86,125,126,127" machi="127" ten="30,8000,1" yaku="1,1,0,1,18,1,54,1,53,1" doraHai="40" doraHaiUra="48" who="3" fromWho="3" sc="297,-40,253,-20,249,-20,191,90" /><INIT seed="5,0,0,5,5,81" ten="257,233,229,281" oya="1" hai0="56,126,106,39,55,1,58,42,14,32,109,98,124" hai1="75,8,94,4,60,28,66,29,95,26,131,113,121" hai2="70,83,122,36,30,74,46,44,77,96,129,62,12" hai3="84,25,17,64,49,27,108,52,15,128,63,88,35"/><U33/><E121/><V54/><F122/><W97/><G108/><T86/><D109/><U19/><E75/><V93/><F129/><W16/><G97/><T11/><D32/><U51/><E131/><V0/><F0/><W114/><G114/><T79/><D1/><U135/><E135/><V3/><F3/><W125/><G125/><N who="0" m="48235" /><D39/><U47/><E113/><V40/><F30/><W119/><G35/><T103/><D42/><U85/><E19/><N who="3" m="7242" /><G15/><T65/><D65/><U37/><E29/><V132/><F132/><W68/><G68/><T116/><D116/><U71/><E37/><V45/><F12/><W22/><G119/><T53/><D58/><U105/><E105/><V111/><F111/><W133/><G133/><T38/><D38/><U21/><E33/><V130/><F130/><W31/><G64/><T115/><D115/><U102/><E102/><V43/><F70/><W87/><G128/><T10/><D14/><U7/><E8/><N who="0" m="3113" /><D56/><U67/><E67/><V99/><F36/><W100/><G100/><T134/><D134/><U59/><E71/><V20/><F40/><W120/><G120/><T72/><D72/><U57/><E57/><N who="2" m="35127" /><F43/><W82/><G63/><T118/><D118/><U107/><E107/><V76/><F74/><W24/><G49/><T48/><D48/><U73/><E73/><V2/><F2/><W89/><G52/><T34/><D34/><U91/><REACH who="1" step="1"/><E95/><AGARI ba="0,0" hai="22,24,25,27,31,82,84,87,88,89,95" m="7242" machi="95" ten="30,8000,1" yaku="8,1,52,2,54,2" doraHai="81" who="3" fromWho="1" sc="257,0,233,-80,229,0,281,80" owari="257,6,153,-35,229,-17,361,46" /></mjloggm>