<mjloggm ver="2.3"><GO type="225"/><UN n0="%E9%9D%92%E5%B1%B1%E5%AD%A6%E9%99%A2%EF%BC%94%E5%B9%B4" n1="%E7%AE%A1%E5%AF%9D" n2="%E9%85%8D%E5%9B%9E%E9%99%8D%E6%B5%81" n3="%E3%83%81%E3%83%AD%E3%83%AD%E8%BB%8D%E6%9B%B9" dan="17,16,16,16" rate="2064,2116,2104,2056" sx="F,M,M,M"/><TAIKYOKU oya="0"/><INIT seed="0,0,0,4,5,130" ten="250,250,250,250" oya="0" hai0="17,74,54,129,0,32,25,134,99,38,75,123,5" hai1="135,36,104,28,91,69,34,98,23,90,16,30,125" hai2="51,24,37,68,40,132,117,108,62,105,76,55,65" hai3="35,128,109,97,50,22,6,39,88,60,133,8,9"/><T84/><D123/><U3/><E69/><V42/><F105/><W13/><G35/><T131/><D38/><U41/><E3/><V4/><F4/><W77/><G39/><T82/><D99/><U71/><E71/><V93/><F76/><W64/><G128/><N who="0" m="49227" /><D54/><U106/><E23/><V81/><F81/><W89/><G109/><T118/><D118/><U95/><E36/><V7/><F7/><W94/><G77/><N who="0" m="46159" /><D17/><U96/><E41/><V67/><F108/><W121/><G121/><T26/><D134/><U61/><E61/><N who="2" m="40047" /><F117/><W100/><G133/><T115/><D115/><U63/><E63/><V1/><F132/><W18/><G50/><T78/><D78/><U85/><E135/><V83/><F37/><W29/><G29/><N who="0" m="19503" /><D26/><U111/><E111/><V46/><F24/><W79/><G79/><T113/><D113/><U107/><E16/><V58/><F1/><W27/><REACH who="3" step="1"/><G9/><AGARI ba="0,0" hai="0,5,9,74,75" m="19503,46159,49227" machi="9" ten="30,1500,0" yaku="19,1" doraHai="130" who="0" fromWho="3" sc="250,15,250,0,250,0,250,-15" /><INIT seed="0,1,0,4,5,96" ten="265,250,250,235" oya="0" hai0="77,109,1,122,61,82,16,103,97,17,60,105,47" hai1="23,21,108,40,73,71,98,35,49,27,117,51,68" hai2="84,9,72,31,119,36,43,101,118,80,132,7,131" hai3="70,3,130,44,38,8,107,92,115,104,76,19,32"/><T74/><D122/><U126/><E117/><N who="2" m="44555" /><F72/><W78/><G115/><T26/><D109/><U10/><E73/><V121/><F121/><W67/><G32/><T58/><D1/><U15/><E35/><V88/><F132/><W69/><G130/><T0/><D0/><U99/><E108/><V86/><F131/><W45/><G92/><T65/><D26/><U59/><E126/><V112/><F112/><W133/><G133/><T53/><REACH who="0" step="1"/><D47/><REACH who="0" step="2"/><U102/><E27/><V124/><F124/><W18/><G44/><T63/><D63/><U48/><E40/><V24/><F43/><W50/><G45/><T110/><D110/><U28/><E68/><AGARI ba="1,1" hai="16,17,53,58,60,61,65,68,74,77,82,97,103,105" machi="68" ten="30,11600,0" yaku="1,1,7,1,52,1,54,1,53,0" doraHai="96" doraHaiUra="129" who="0" fromWho="1" sc="255,129,250,-119,250,0,235,0" /><INIT seed="0,2,0,3,1,36" ten="384,131,250,235" oya="0" hai0="37,123,12,47,44,133,75,134,13,5,26,83,89" hai1="33,115,103,71,99,27,80,116,94,23,130,108,76" hai2="68,128,20,46,43,31,104,22,64,38,49,2,52" hai3="39,63,14,15,55,120,105,78,107,111,45,51,131"/><T0/><D123/><U24/><E116/><V106/><F128/><W79/><G120/><T97/><D26/><U41/><E108/><V122/><F122/><W81/><G111/><T59/><D59/><U93/><E130/><V4/><F4/><W29/><G131/><T16/><D0/><U17/><E115/><V1/><F1/><W74/><G78/><N who="0" m="44511" /><D5/><U42/><E93/><V95/><F2/><W90/><G29/><T40/><D44/><U73/><REACH who="1" step="1"/><E71/><REACH who="1" step="2"/><V117/><F95/><W58/><G105/><T101/><D101/><U30/><AGARI ba="2,1" hai="17,23,24,27,30,33,41,42,73,76,80,94,99,103" machi="30" ten="30,12000,2" yaku="1,1,2,1,0,1,52,2,53,1" doraHai="36" doraHaiUra="98" who="1" fromWho="1" sc="384,-62,121,136,250,-32,235,-32" /><INIT seed="1,0,0,2,1,13" ten="322,257,218,203" oya="1" hai0="1,81,83,15,68,110,85,33,76,0,26,111,129" hai1="120,63,133,35,101,11,93,12,92,80,49,34,38" hai2="118,131,123,130,87,60,108,115,14,16,39,98,53" hai3="40,45,71,95,70,121,7,29,124,94,18,8,64"/><U55/><E120/><V19/><F118/><W4/><G121/><T86/><D68/><U31/><E38/><V67/><F123/><W59/><G124/><T54/><D129/><N who="2" m="49162" /><F115/><W2/><G4/><T102/><D102/><U58/><E133/><V52/><F108/><N who="0" m="41514" /><D54/><N who="2" m="21098" /><F39/><W119/><G119/><T22/><D15/><U117/><E117/><V30/><F30/><W127/><G127/><T104/><D33/><U50/><E34/><V46/><F46/><W88/><G29/><N who="0" m="17623" /><D104/><U66/><E35/><V37/><F37/><W48/><G94/><N who="1" m="36458" /><E31/><V17/><F98/><W128/><G128/><T62/><D62/><U78/><E101/><V114/><F114/><W106/><G106/><T3/><D1/><U5/><E55/><V122/><F87/><AGARI ba="0,0" hai="5,11,12,49,50,58,63,66,78,80,87" m="36458" machi="87" ten="30,1500,0" yaku="8,1" doraHai="13" who="1" fromWho="2" sc="322,0,257,15,218,-15,203,0" /><INIT seed="1,1,0,1,2,5" ten="322,272,203,203" oya="1" hai0="65,129,37,51,125,4,61,110,68,109,44,23,108" hai1="133,119,32,96,116,86,36,91,18,134,67,105,84" hai2="87,15,49,33,16,71,94,19,60,78,103,34,41" hai3="115,47,132,6,104,14,107,73,12,66,74,56,75"/><U45/><E32/><V122/><F122/><W135/><G115/><T113/><D113/><U42/><E67/><V124/><F124/><W118/><G118/><T22/><D125/><U30/><E30/><V17/><F71/><W112/><G112/><T35/><D35/><U9/><E105/><N who="3" m="40522" /><G47/><T99/><D129/><U89/><E96/><N who="2" m="59799" /><F33/><W50/><G6/><T90/><D37/><U70/><E70/><V13/><F34/><W100/><G100/><T85/><D99/><U117/><E86/><V98/><F98/><W130/><G130/><T63/><D61/><U52/><E52/><V62/><F41/><W26/><G26/><T111/><D4/><U77/><E77/><V10/><F49/><W21/><G21/><T2/><D2/><U3/><E91/><V39/><F39/><W79/><G79/><T58/><D68/><U29/><E29/><V25/><F25/><W92/><G92/><N who="0" m="54351" /><D111/><U80/><REACH who="1" step="1"/><E18/><REACH who="1" step="2"/><N who="2" m="8503" /><F15/><W54/><G66/><T7/><D110/><U72/><E72/><V123/><F123/><W69/><G69/><T27/><D109/><U59/><E59/><V57/><F57/><W8/><G14/><T82/><D108/><U102/><E102/><V121/><F121/><W127/><G127/><T0/><D58/><U46/><E46/><V31/><F31/><W1/><G12/><T88/><D65/><U48/><E48/><V55/><F55/><W126/><G126/><T131/><D131/><U114/><E114/><V64/><F64/><W95/><G73/><T53/><D44/><U38/><E38/><V11/><F11/><W28/><G74/><RYUUKYOKU ba="1,1" sc="322,-15,262,15,203,15,203,-15" hai1="3,9,36,42,45,80,84,89,116,117,119,133,134" hai2="16,17,19,60,62,78,87" /><INIT seed="1,2,1,0,5,115" ten="307,277,218,188" oya="1" hai0="105,38,132,89,83,127,55,76,46,27,78,110,43" hai1="133,56,113,109,111,57,97,94,85,63,30,79,131" hai2="36,37,26,91,31,104,81,95,126,18,33,59,101" hai3="120,65,123,102,96,14,35,53,4,122,100,98,121"/><U24/><E113/><V107/><F126/><W44/><N who="3" m="30720" /><DORA hai="112" /><W87/><G35/><T8/><D105/><U11/><E133/><V108/><F108/><N who="1" m="41545" /><E131/><V77/><F18/><W135/><G135/><T130/><D110/><U3/><E85/><V45/><F59/><W134/><G134/><T6/><D127/><U86/><E86/><N who="2" m="52727" /><F45/><W13/><G65/><T50/><D132/><U28/><E79/><V1/><F1/><W64/><G64/><T124/><D124/><U58/><E63/><V7/><F7/><W49/><G87/><T23/><D78/><U29/><E11/><V92/><F92/><W60/><G60/><T74/><D130/><U90/><E3/><V22/><F33/><AGARI ba="2,1" hai="24,28,29,30,33,56,57,58,90,94,97" m="41545" machi="33" ten="30,2900,0" yaku="14,1,10,1" doraHai="115,112" who="1" fromWho="2" sc="307,0,277,45,218,-35,188,0" /><INIT seed="1,3,0,5,5,116" ten="307,322,183,188" oya="1" hai0="27,11,129,32,81,101,80,70,127,30,52,46,6" hai1="43,108,98,131,67,89,21,77,69,7,51,39,94" hai2="83,113,28,23,71,117,135,112,132,84,31,95,25" hai3="53,19,1,9,118,88,96,133,40,97,49,68,111"/><U20/><E39/><V12/><F117/><W4/><G118/><T26/><D70/><U18/><E7/><V10/><F71/><W42/><G68/><T120/><D127/><U102/><E77/><N who="2" m="46191" /><F95/><W38/><G111/><T105/><D129/><U104/><E131/><V2/><F2/><W82/><G133/><N who="2" m="51273" /><F31/><W17/><G38/><T115/><D27/><U5/><E69/><V76/><F76/><W66/><G66/><T36/><D26/><U110/><E67/><V100/><F100/><W34/><G34/><T92/><D30/><U48/><E102/><V55/><F55/><W119/><G119/><T16/><D32/><U78/><E78/><V126/><F126/><W79/><G40/><T14/><D92/><U54/><E54/><V74/><F74/><W125/><G42/><T103/><D52/><U58/><E43/><V99/><F99/><W65/><G65/><T85/><D103/><U15/><E98/><V56/><F56/><W109/><G109/><T8/><D101/><U0/><E58/><V128/><F128/><W29/><G29/><T72/><D72/><U59/><E59/><V61/><F61/><W62/><G62/><T60/><D60/><U123/><E108/><V33/><F33/><W106/><G106/><T41/><D105/><U75/><E104/><V57/><F57/><N who="3" m="32943" /><G125/><T122/><D85/><U50/><E75/><V64/><F64/><W121/><G96/><T87/><D87/><N who="1" m="52543" /><E110/><V22/><F22/><W91/><G97/><T130/><D130/><U63/><E63/><V47/><F47/><W124/><G124/><T107/><D107/><RYUUKYOKU ba="3,0" sc="307,-10,322,-10,183,30,188,-10" hai2="10,12,23,25,28,112,113" /><INIT seed="2,4,0,0,2,78" ten="297,312,213,178" oya="2" hai0="129,109,88,96,72,14,35,133,95,30,101,60,9" hai1="20,94,6,90,82,57,15,22,66,97,38,27,16" hai2="113,29,105,2,33,67,124,123,107,36,86,91,45" hai3="114,19,80,84,10,98,85,127,118,112,108,34,76"/><V7/><F113/><N who="3" m="43627" /><G118/><T54/><D72/><U92/><E38/><V42/><F123/><W31/><G34/><T61/><D109/><U102/><E6/><V39/><F39/><W120/><G31/><T83/><D129/><U65/><E57/><V117/><F117/><W70/><G70/><T75/><D133/><U122/><E122/><V24/><F67/><W99/><G120/><T23/><D35/><U13/><E82/><V8/><REACH who="2" step="1"/><F124/><REACH who="2" step="2"/><W100/><G127/><T81/><D75/><U28/><REACH who="1" step="1"/><E13/><REACH who="1" step="2"/><V0/><F0/><W103/><G108/><T47/><D14/><U119/><E119/><V3/><F3/><W71/><G71/><T132/><D132/><U111/><E111/><V131/><F131/><W130/><G130/><T53/><D61/><U69/><E69/><V64/><F64/><W49/><G49/><T46/><D60/><U40/><E40/><V74/><F74/><N who="3" m="43031" /><G10/><T125/><D9/><U21/><E21/><V17/><F17/><W77/><G19/><T62/><D125/><U55/><E55/><N who="0" m="21001" /><D62/><U126/><E126/><V135/><F135/><W89/><G77/><T134/><D134/><U116/><E116/><V106/><F106/><N who="3" m="63767" /><G89/><T63/><D63/><U12/><E12/><V128/><F128/><W18/><G18/><T11/><D11/><U5/><E5/><V50/><F50/><W25/><G25/><N who="0" m="16703" /><D88/><U37/><E37/><V56/><F56/><W110/><G110/><T58/><D58/><U51/><E51/><V87/><F87/><AGARI ba="4,2" hai="15,16,20,22,27,28,65,66,87,90,92,94,97,102" machi="87" ten="30,7700,0" yaku="1,1,7,1,8,1,54,1,53,0" doraHai="78" doraHaiUra="115" who="1" fromWho="2" sc="297,0,302,109,203,-89,178,0" /><INIT seed="3,0,0,5,0,45" ten="297,411,114,178" oya="3" hai0="22,14,4,104,57,11,28,124,55,47,78,80,20" hai1="118,83,106,50,12,41,6,100,15,87,27,132,54" hai2="44,67,130,73,88,91,5,95,99,70,107,66,86" hai3="84,43,133,53,131,103,33,26,34,96,59,116,122"/><W52/><G122/><T9/><D104/><U110/><E106/><V111/><F73/><W0/><G116/><T112/><D124/><U30/><E110/><V105/><F111/><W16/><G0/><T68/><D68/><U115/><E115/><V42/><F130/><W102/><G131/><T98/><D112/><U64/><E100/><V90/><F5/><W125/><G125/><T128/><D128/><U108/><E108/><V89/><F70/><W62/><G133/><T23/><D28/><U121/><E121/><V72/><F72/><W38/><G84/><N who="0" m="48151" /><D47/><U19/><E64/><V29/><F29/><W63/><G43/><T117/><D117/><U69/><E69/><V123/><F123/><W48/><G38/><T127/><D127/><U37/><E118/><V76/><F107/><W32/><G62/><N who="0" m="36159" /><D11/><U13/><E132/><V2/><F2/><W56/><REACH who="3" step="1"/><G96/><AGARI ba="0,0" hai="4,9,14,20,22,23,96,98" m="36159,48151" machi="96" ten="30,1000,0" yaku="8,1" doraHai="45" who="0" fromWho="3" sc="297,10,411,0,114,0,178,-10" owari="307,11,411,51,114,-39,168,-23" /></mjloggm>