<mjloggm ver="2.3"><GO type="225"/><UN n0="%6B%6B%31%32%35" n1="%6D%6D%6A%61%6E%67%6B%69" n2="%74%6F%62%69%75%6F%34%37" n3="%E3%83%9E%E3%83%84%E3%82%B6%E3%82%AD" dan="16,16,16,16" rate="2037,2103,2009,2050" sx="M,M,M,M"/><TAIKYOKU oya="0"/><INIT seed="0,0,0,3,4,95" ten="250,250,250,250" oya="0" hai0="81,109,44,1,8,82,91,66,120,63,74,7,107" hai1="108,71,23,20,119,134,86,67,92,127,76,3,80" hai2="115,123,94,11,30,54,105,68,132,14,133,56,50" hai3="116,29,31,45,93,89,79,111,128,37,88,69,84"/><T64/><D120/><U97/><E3/><V61/><F123/><W27/><G116/><T2/><D2/><U4/><E119/><V59/><F105/><W73/><G111/><T53/><D107/><U62/><E108/><V28/><F68/><W75/><G128/><T58/><D109/><U117/><E117/><V129/><F94/><W6/><G79/><T70/><D82/><U32/><E4/><N who="2" m="3431" /><F129/><W42/><G69/><T55/><D66/><U21/><E32/><V99/><F99/><W96/><G6/><T113/><D113/><U106/><E106/><V34/><F34/><W0/><G0/><T41/><D70/><U49/><E134/><N who="2" m="51819" /><F115/><W5/><G5/><T100/><D100/><U125/><REACH who="1" step="1"/><E49/><REACH who="1" step="2"/><V83/><F83/><W90/><G73/><T104/><D104/><U26/><E26/><V38/><F38/><W15/><G75/><T40/><D74/><U12/><E12/><V10/><F10/><W51/><G15/><T46/><D8/><U48/><E48/><V121/><F121/><W122/><G37/><T35/><D35/><U118/><E118/><V13/><F13/><W85/><G27/><T65/><D7/><U36/><E36/><V24/><F24/><W131/><G122/><T78/><D1/><U126/><E126/><V25/><F25/><W22/><G131/><T47/><D65/><AGARI ba="0,1" hai="28,30,50,54,56,59,61,65" m="51819,3431" machi="65" ten="30,1000,0" yaku="20,1" doraHai="95" who="2" fromWho="0" sc="250,-10,240,0,250,20,250,0" /><INIT seed="1,0,0,1,3,127" ten="240,240,270,250" oya="1" hai0="89,100,8,55,52,27,88,54,128,130,25,131,10" hai1="95,70,11,47,98,123,51,38,133,16,9,122,114" hai2="81,66,7,85,71,99,126,41,24,5,86,40,67" hai3="80,65,72,134,30,78,33,48,12,79,29,22,135"/><U129/><E114/><V36/><F126/><W42/><G65/><N who="2" m="24585" /><F36/><W49/><G79/><T6/><D100/><U15/><E70/><V0/><F0/><W77/><G77/><T64/><D64/><U58/><E133/><N who="3" m="50698" /><G33/><T101/><D101/><U120/><E38/><V34/><F34/><W14/><G42/><N who="2" m="16489" /><F71/><W73/><G73/><T119/><D119/><U92/><E58/><V63/><F63/><W44/><G44/><T75/><D75/><U115/><E115/><V62/><F62/><W13/><G22/><T35/><D35/><U37/><E37/><V21/><F99/><W110/><G110/><T105/><D105/><U45/><E51/><AGARI ba="0,0" hai="12,13,14,29,30,48,49,51,72,78,80" m="50698" machi="51" ten="30,1000,0" yaku="20,1" doraHai="127" who="3" fromWho="1" sc="240,0,240,-10,270,0,250,10" /><INIT seed="2,0,0,4,0,33" ten="240,230,270,260" oya="2" hai0="131,11,21,98,24,102,67,69,72,76,80,119,22" hai1="53,35,118,46,92,30,13,34,6,23,50,51,12" hai2="97,4,117,128,44,116,3,123,14,40,62,10,16" hai3="81,130,9,60,52,18,125,78,45,84,83,58,17"/><V124/><F123/><W135/><G135/><T122/><D122/><U15/><E118/><V19/><F128/><W39/><G125/><T121/><D121/><U70/><E70/><V90/><F124/><W66/><G130/><T74/><D131/><U63/><E63/><V57/><F116/><W132/><G132/><T88/><D119/><U93/><E6/><V2/><F117/><W105/><G105/><T109/><D74/><U71/><E71/><V8/><F8/><W79/><G9/><T85/><D109/><U5/><E5/><V42/><F2/><W112/><G112/><T110/><D110/><U129/><E129/><V127/><F127/><W106/><G106/><N who="0" m="63831" /><D11/><U120/><E120/><V65/><F3/><W32/><G32/><T1/><D1/><U0/><E0/><V115/><F115/><W107/><G107/><T133/><D133/><U54/><E23/><V103/><F103/><W49/><G39/><T27/><D67/><U91/><E30/><V75/><F75/><AGARI ba="0,0" hai="17,18,45,49,52,58,60,66,75,78,79,81,83,84" machi="75" ten="30,2000,0" yaku="7,1,54,1" doraHai="33" who="3" fromWho="2" sc="240,0,230,0,270,-20,260,20" /><INIT seed="3,0,0,3,1,3" ten="240,230,250,280" oya="3" hai0="56,51,48,17,12,20,61,90,121,134,70,2,25" hai1="50,110,97,67,47,41,45,132,62,66,64,117,119" hai2="40,69,63,57,78,10,14,125,116,15,118,108,98" hai3="93,53,34,36,5,135,102,1,87,38,49,16,126"/><W27/><G126/><T58/><D121/><U30/><E30/><V46/><F125/><W73/><G73/><T44/><D2/><U42/><E97/><V22/><F69/><W35/><G135/><T80/><D134/><U21/><E21/><V13/><F108/><W88/><G102/><T124/><D124/><U75/><E75/><V95/><F78/><W101/><G101/><T39/><D39/><U79/><E79/><V129/><F129/><W54/><G35/><T113/><D113/><U130/><E132/><V52/><F22/><W24/><G34/><T72/><D70/><U32/><E32/><V85/><F85/><W133/><G133/><T29/><D72/><U131/><E62/><V81/><F81/><W4/><G54/><N who="0" m="33943" /><D58/><U43/><E110/><V59/><F59/><N who="3" m="33199" /><G38/><T96/><D44/><N who="1" m="16971" /><E50/><N who="2" m="26951" /><F118/><AGARI ba="0,0" hai="41,42,43,64,66,67,117,118,119,130,131" m="16971" machi="118" ten="40,8000,1" yaku="28,2,12,1,34,2" doraHai="3" who="1" fromWho="2" sc="240,0,230,80,250,-80,280,0" owari="240,-16,310,41,170,-33,280,8" /></mjloggm>