<mjloggm ver="2.3"><GO type="169"/><UN n0="%E3%83%81%E3%83%AD%E3%83%AD%E8%BB%8D%E6%9B%B9" n1="%67%6F%6F%64%62%79%65" n2="%E3%80%93%E3%81%84%E3%81%A1%E3%81%AF%E3%82%89%E3%80%93" n3="%E3%83%98%E3%83%9C%EF%BC%A0%E6%9D%B1%E9%A2%A8" dan="16,16,18,16" rate="2050,2028,2191,2096" sx="M,F,M,M"/><TAIKYOKU oya="0"/><INIT seed="0,0,0,5,5,80" ten="250,250,250,250" oya="0" hai0="43,134,124,61,24,34,14,105,112,128,119,52,74" hai1="84,67,55,27,92,132,1,76,15,40,20,4,89" hai2="26,118,63,116,78,81,11,90,46,47,23,104,36" hai3="13,97,39,35,50,64,9,108,16,109,101,114,110"/><T123/><RYUUKYOKU type="yao9" ba="0,0" sc="250,0,250,0,250,0,250,0" hai0="14,24,34,43,52,61,74,105,112,119,123,124,128,134" /><INIT seed="0,1,0,4,2,26" ten="250,250,250,250" oya="0" hai0="10,6,87,38,107,101,67,130,32,109,19,118,70" hai1="46,13,56,1,52,42,64,108,116,112,110,59,123" hai2="65,9,39,79,96,16,120,100,28,71,74,5,11" hai3="41,134,7,35,113,97,126,4,22,81,45,135,24"/><T106/><D118/><U89/><E1/><V80/><F120/><W119/><G119/><T53/><D38/><N who="1" m="21847" /><E116/><V61/><F39/><W31/><G113/><T43/><D43/><U73/><E73/><V47/><F47/><W133/><G126/><T58/><D32/><U132/><E123/><V125/><F125/><W122/><G122/><T29/><D29/><U93/><E112/><V57/><F71/><W0/><G0/><T115/><D115/><U15/><E64/><V105/><F28/><N who="3" m="19847" /><G97/><T25/><D130/><U60/><E59/><V17/><REACH who="2" step="1"/><F11/><REACH who="2" step="2"/><W102/><G45/><T40/><D10/><U85/><E132/><V75/><F75/><W104/><G133/><T76/><D70/><U54/><E54/><V63/><F63/><W51/><G134/><T34/><D53/><U124/><E124/><V50/><F50/><W72/><G72/><T27/><D67/><U23/><E60/><V2/><AGARI ba="1,1" hai="2,5,9,16,17,57,61,65,74,79,80,96,100,105" machi="2" ten="20,8000,1" yaku="1,1,0,1,7,1,54,1,53,1" doraHai="26" doraHaiUra="95" who="2" fromWho="2" sc="250,-41,250,-21,240,93,250,-21" /><INIT seed="1,0,0,4,1,51" ten="209,229,333,229" oya="1" hai0="25,107,97,12,120,117,85,58,20,80,21,53,71" hai1="114,94,88,108,18,28,98,2,126,4,63,27,112" hai2="1,29,26,47,3,128,9,45,86,67,57,68,91" hai3="104,16,110,10,36,74,111,60,33,43,79,82,62"/><U93/><E126/><V125/><F125/><W133/><G104/><T83/><D71/><U89/><E2/><V81/><F68/><W56/><G33/><T46/><D117/><U122/><E4/><V15/><F128/><W35/><G35/><T55/><D120/><U99/><E122/><V75/><F75/><W130/><G130/><T54/><D107/><U121/><E121/><V96/><F3/><W41/><G133/><T100/><D100/><U78/><E78/><V30/><F1/><W8/><G62/><T37/><D97/><U73/><E73/><V131/><F131/><W115/><G115/><T31/><D37/><U59/><E18/><V84/><F96/><W11/><G16/><N who="0" m="10247" /><D46/><U44/><E44/><V129/><F86/><W66/><REACH who="3" step="1"/><G36/><REACH who="3" step="2"/><T40/><D40/><AGARI ba="0,1" hai="8,10,11,40,41,43,56,60,66,74,79,82,110,111" machi="40" ten="40,2600,0" yaku="1,1,2,1,53,0" doraHai="51" doraHaiUra="70" who="3" fromWho="0" sc="209,-26,229,0,333,0,219,36" /><INIT seed="2,0,0,5,4,85" ten="183,229,333,255" oya="2" hai0="2,119,17,33,48,52,76,20,26,128,108,38,94" hai1="60,0,107,83,49,23,86,121,78,12,75,101,77" hai2="35,73,15,31,54,29,28,58,56,123,117,80,32" hai3="92,3,100,24,59,134,93,42,104,120,84,131,27"/><V90/><F123/><W125/><G120/><T130/><D38/><U41/><E121/><V37/><F37/><W74/><G74/><T106/><D106/><U98/><E0/><V47/><F117/><W4/><G104/><T88/><D119/><U105/><E60/><V122/><F122/><W9/><G131/><N who="0" m="50219" /><D2/><U40/><E77/><V36/><F15/><W39/><G134/><T18/><D33/><U118/><E118/><V115/><F115/><W70/><G70/><T57/><D76/><U87/><E107/><V14/><F14/><W10/><G125/><T69/><D69/><U79/><E79/><V113/><F113/><W64/><G39/><T132/><D108/><U7/><E41/><V111/><F111/><W71/><G71/><T25/><D132/><U5/><E75/><V68/><F68/><W97/><G42/><T133/><D133/><U124/><E124/><V53/><F73/><W22/><G10/><T34/><D34/><U81/><E78/><V1/><F1/><W55/><G64/><T30/><D26/><U43/><E105/><V13/><F13/><W82/><G92/><T11/><D11/><U19/><E12/><V114/><F114/><W65/><G65/><T66/><D66/><U89/><E40/><V116/><F116/><W99/><G99/><AGARI ba="0,0" hai="17,18,20,25,30,48,52,57,88,94,99" m="50219" machi="99" ten="30,7700,0" yaku="19,1,52,1,54,2" doraHai="85" who="0" fromWho="3" sc="183,77,229,0,333,0,255,-77" /><INIT seed="3,0,0,0,3,47" ten="260,229,333,178" oya="3" hai0="89,73,112,126,0,60,32,78,99,95,120,104,46" hai1="9,23,110,103,77,65,98,101,97,111,36,57,68" hai2="108,44,128,90,81,121,7,113,72,115,132,74,37" hai3="116,19,1,20,87,18,100,91,114,45,14,42,96"/><W30/><G114/><T106/><D120/><U56/><E36/><V79/><F7/><W53/><G1/><T107/><D0/><U52/><E77/><V54/><F121/><W69/><G69/><T134/><D32/><U38/><E38/><V80/><F37/><W25/><G116/><T67/><D112/><U59/><E68/><V123/><F123/><W39/><G53/><T12/><D126/><U49/><E65/><V83/><F44/><W119/><G119/><T75/><D134/><U109/><E9/><V34/><F54/><W35/><G19/><T127/><D127/><U17/><E98/><V4/><F4/><W93/><REACH who="3" step="1"/><G87/><REACH who="3" step="2"/><T11/><D75/><U64/><E64/><V27/><F115/><W40/><G40/><T63/><D73/><U21/><E17/><V76/><F113/><W51/><G51/><T117/><D67/><U48/><E52/><V88/><F72/><W33/><G33/><T55/><D55/><U26/><E110/><V5/><F108/><W86/><G86/><T82/><D117/><U71/><E71/><V125/><F74/><W28/><G28/><T10/><D63/><U50/><E50/><V13/><F34/><W66/><G66/><T130/><D60/><U31/><E111/><V84/><F84/><W85/><G85/><T2/><D2/><U62/><E109/><V102/><F125/><W15/><G15/><T43/><D12/><U61/><E62/><V29/><F29/><W133/><G133/><T3/><D3/><U131/><E61/><V92/><F132/><W70/><G70/><T135/><D135/><RYUUKYOKU ba="0,1" sc="260,-10,229,-10,333,-10,168,30" hai3="14,18,20,25,30,35,39,42,45,91,93,96,100" /><INIT seed="3,1,1,1,3,50" ten="250,219,323,198" oya="3" hai0="33,134,7,97,1,55,22,85,15,41,86,56,58" hai1="51,100,133,90,69,118,29,117,11,80,114,63,62" hai2="13,102,120,103,94,47,9,38,135,74,53,131,16" hai3="82,70,17,132,93,34,36,98,105,30,121,54,108"/><W72/><G121/><T125/><D33/><U0/><E114/><V99/><F74/><W75/><G105/><T65/><D1/><U8/><E100/><V87/><F120/><W14/><G36/><T107/><D125/><U57/><E133/><V68/><F68/><W88/><G132/><T101/><D134/><U66/><E29/><V71/><F71/><W95/><G70/><T83/><D41/><U60/><E51/><N who="2" m="28927" /><F38/><W84/><G108/><T115/><D115/><U28/><E28/><V44/><F131/><W122/><G122/><T126/><D126/><U110/><E110/><V61/><F135/><W46/><G30/><T25/><D7/><U5/><E11/><V43/><F61/><W39/><G34/><T12/><D65/><U104/><E104/><V123/><F123/><W109/><G109/><T129/><D129/><U2/><E2/><V92/><F44/><W6/><G6/><T128/><D128/><U48/><E63/><V59/><F59/><W119/><G119/><T96/><D96/><U23/><E62/><V127/><F43/><N who="3" m="22911" /><G54/><T76/><D85/><U116/><E116/><V37/><F37/><W52/><G52/><T49/><REACH who="0" step="1"/><D58/><REACH who="0" step="2"/><U26/><E57/><V24/><F127/><W27/><G27/><T106/><D106/><U4/><E26/><V130/><F130/><W113/><G113/><T35/><D35/><U18/><E117/><V111/><F111/><W73/><G98/><T19/><AGARI ba="1,2" hai="12,15,19,22,25,49,55,56,76,83,86,97,101,107" machi="19" ten="20,8000,1" yaku="1,1,0,1,7,1,52,1,53,1" doraHai="50" doraHaiUra="21" who="0" fromWho="0" sc="240,103,219,-21,323,-21,198,-41" /><INIT seed="4,0,0,3,3,26" ten="343,198,302,157" oya="0" hai0="6,55,83,70,107,45,38,127,123,12,121,4,18" hai1="51,44,126,22,24,131,62,1,82,2,10,17,79" hai2="112,16,100,8,124,105,120,28,89,29,46,103,14" hai3="87,128,90,33,60,104,72,95,92,11,50,115,61"/><T78/><D107/><U129/><E126/><V56/><F124/><W69/><G104/><T113/><D127/><U117/><E117/><V37/><F120/><W30/><G72/><T73/><D70/><U34/><E62/><V110/><F110/><W80/><G115/><T111/><D113/><U134/><E134/><V85/><F112/><W94/><G128/><N who="1" m="49226" /><E34/><V49/><F37/><W75/><G75/><T68/><D68/><U0/><E10/><V130/><F56/><W88/><G69/><T64/><D64/><U63/><E63/><V106/><F106/><W98/><G11/><T31/><D111/><U23/><E22/><V118/><F118/><W77/><G50/><T119/><D119/><U132/><E132/><V52/><F130/><W108/><G108/><T86/><D121/><U81/><E79/><V76/><F76/><W39/><G39/><T71/><D71/><U43/><AGARI ba="0,0" hai="0,1,2,17,23,24,43,44,51,81,82" m="49226" machi="43" ten="40,1500,0" yaku="19,1" doraHai="26" who="1" fromWho="1" sc="343,-7,198,15,302,-4,157,-4" /><INIT seed="5,0,0,4,3,26" ten="336,213,298,153" oya="1" hai0="82,75,71,91,29,131,87,45,79,15,43,22,122" hai1="55,11,59,111,117,115,85,18,95,84,90,125,106" hai2="34,19,108,121,133,41,12,77,81,65,118,96,76" hai3="119,58,4,113,49,60,73,66,46,104,116,8,3"/><U97/><E117/><N who="3" m="45130" /><G104/><T112/><D71/><U102/><E111/><V103/><F121/><W86/><G73/><T72/><D122/><U42/><E125/><V62/><F108/><W14/><G86/><T16/><D112/><U27/><E115/><V21/><F133/><W35/><G35/><T39/><D131/><U69/><E69/><V13/><F118/><W57/><G113/><T10/><D29/><U124/><E124/><V70/><F34/><W52/><G3/><T61/><D10/><U28/><E42/><V48/><F13/><W83/><G83/><T107/><D107/><U38/><E38/><V56/><F81/><W109/><G109/><T6/><D6/><U37/><E37/><V99/><F99/><W2/><G2/><T40/><D40/><U20/><E11/><V17/><F17/><W47/><AGARI ba="0,0" hai="4,8,14,46,47,49,52,57,58,60,66" m="45130" machi="47" ten="30,2000,0" yaku="12,1,54,1" doraHai="26" who="3" fromWho="3" sc="336,-5,213,-10,298,-5,153,20" /><INIT seed="6,0,0,5,4,122" ten="331,203,293,173" oya="2" hai0="27,58,19,18,60,120,22,51,64,107,46,99,14" hai1="45,59,85,15,68,6,124,62,130,3,78,79,11" hai2="116,111,25,9,117,135,121,102,84,47,32,2,127" hai3="13,131,41,71,65,88,56,10,129,123,21,31,98"/><V7/><F102/><W36/><G123/><T82/><D120/><U8/><E68/><V50/><F121/><W126/><G126/><T81/><D107/><U97/><E124/><V101/><F127/><W48/><G71/><T76/><D99/><U0/><E130/><N who="3" m="49674" /><G36/><T4/><D4/><U54/><E0/><V89/><F101/><W52/><G41/><N who="0" m="25039" /><D76/><U105/><E105/><V73/><F73/><W77/><G77/><T119/><D119/><U96/><E45/><V63/><F135/><W17/><G65/><T26/><D26/><U87/><E79/><V133/><F133/><W24/><G98/><T134/><D134/><U70/><E70/><V67/><F25/><W100/><G100/><T90/><D90/><AGARI ba="0,0" hai="10,13,17,21,24,31,48,52,56,88,90" m="49674" machi="90" ten="30,3900,0" yaku="19,1,54,2" doraHai="122" who="3" fromWho="0" sc="331,-39,203,0,293,0,173,39" /><INIT seed="7,0,0,1,2,18" ten="292,203,293,212" oya="3" hai0="15,35,102,3,5,25,27,134,20,123,121,118,81" hai1="119,116,127,96,107,133,61,65,83,126,36,41,113" hai2="12,80,51,122,131,4,52,75,88,28,24,34,128" hai3="92,103,70,66,71,85,14,101,135,62,21,114,33"/><W54/><G33/><T97/><D118/><N who="1" m="45099" /><E133/><V50/><F122/><W112/><G135/><T8/><D134/><U100/><E113/><N who="3" m="43626" /><G71/><T49/><D49/><U11/><E11/><N who="2" m="4199" /><F52/><W60/><G60/><T56/><D56/><N who="1" m="37031" /><E83/><V7/><F7/><W26/><G14/><T89/><D81/><U48/><E36/><V132/><F132/><W43/><G54/><T39/><D39/><U69/><E69/><V46/><F46/><AGARI ba="0,0" hai="41,46,48,96,100,107,126,127" m="37031,45099" machi="46" ten="30,1000,0" yaku="12,1" doraHai="18" who="1" fromWho="2" sc="292,0,203,10,293,-10,212,0" /><INIT seed="8,0,0,1,5,68" ten="292,213,283,212" oya="0" hai0="39,130,47,74,85,76,120,93,96,119,38,134,114" hai1="45,41,40,110,106,65,28,77,101,29,100,111,81" hai2="42,43,108,88,90,67,79,11,21,58,22,16,19" hai3="37,107,94,12,60,118,50,84,34,49,135,54,31"/><T97/><D120/><U129/><E65/><V104/><F104/><W44/><G107/><T117/><D114/><U5/><E129/><V14/><F108/><W69/><G135/><T112/><D112/><U126/><E5/><V121/><F79/><W105/><G105/><T115/><D115/><U52/><E126/><V66/><F121/><W2/><G2/><T57/><D130/><U109/><E106/><V131/><F131/><W122/><G122/><T20/><D134/><U3/><E3/><V95/><F90/><W9/><G118/><N who="0" m="45067" /><D74/><U113/><E113/><V123/><F123/><W116/><G116/><T33/><D33/><U89/><E89/><V35/><F35/><W30/><G34/><T72/><D72/><U61/><E77/><V86/><F22/><W36/><G69/><T8/><D57/><U17/><E81/><V25/><F67/><W102/><G60/><AGARI ba="0,0" hai="11,14,16,19,21,25,42,43,58,60,66,86,88,95" machi="60" ten="40,5200,0" yaku="8,1,54,2" doraHai="68" who="2" fromWho="3" sc="292,0,213,0,283,52,212,-52" owari="292,9,213,-19,335,44,160,-34" /></mjloggm>