<mjloggm ver="2.3"><GO type="225"/><UN n0="%E2%98%86%E4%BA%8C%E9%9A%8E%E5%A0%82%E2%98%86%E5%AB%81%E2%98%86" n1="%E3%83%80%E3%83%A1%E9%9B%80%E5%A3%AB" n2="%E3%83%B4%E3%83%A0%EF%BC%99%E3%81%A6" n3="%72%61%72%61%70%70%65" dan="16,16,16,16" rate="2045,2082,2071,2133" sx="F,M,M,M"/><TAIKYOKU oya="0"/><INIT seed="0,0,0,0,3,63" ten="250,250,250,250" oya="0" hai0="76,4,113,133,70,98,42,101,73,57,78,67,80" hai1="19,110,32,28,62,86,100,33,105,94,31,24,0" hai2="65,17,10,83,39,77,9,132,26,52,87,50,30" hai3="135,72,34,103,66,59,53,122,36,68,6,49,127"/><T16/><D113/><U5/><E110/><V13/><F39/><W23/><G34/><T107/><D70/><U121/><E121/><V89/><F132/><W37/><G72/><T131/><D133/><U21/><E105/><V35/><F65/><W44/><G122/><T88/><D4/><U51/><E51/><V115/><F115/><W108/><G6/><T8/><D131/><U12/><E62/><V15/><F15/><W102/><G135/><T47/><D78/><U46/><E46/><V119/><F119/><W74/><G74/><T99/><D99/><U112/><E112/><V45/><REACH who="2" step="1"/><F77/><REACH who="2" step="2"/><W22/><G37/><T130/><D67/><U97/><E33/><V79/><F79/><W124/><G36/><T104/><D76/><U111/><E0/><V41/><F41/><W93/><G66/><T56/><D130/><U116/><E116/><V58/><F58/><W25/><G59/><T96/><D57/><U2/><E2/><V129/><F129/><W11/><G68/><T69/><D56/><U7/><E32/><V91/><F91/><W85/><G103/><T117/><D69/><U60/><E12/><V61/><F61/><W3/><G102/><N who="0" m="62535" /><D88/><N who="1" m="53527" /><E60/><V126/><F126/><W95/><G127/><T84/><D117/><U71/><E71/><V55/><F55/><W81/><G53/><T27/><D73/><U54/><E54/><V118/><F118/><W48/><G124/><T128/><D128/><U64/><E64/><V114/><F114/><W120/><G44/><T40/><D47/><U14/><E100/><V43/><F43/><W75/><G120/><RYUUKYOKU ba="0,1" sc="250,-10,250,-10,240,30,250,-10" hai2="9,10,13,17,26,30,35,45,50,52,83,87,89" /><INIT seed="1,1,1,1,2,62" ten="240,240,270,240" oya="1" hai0="72,13,61,105,119,92,89,47,49,3,12,113,24" hai1="52,2,120,64,42,116,85,110,83,87,97,91,9" hai2="21,1,16,56,43,109,86,99,5,34,132,122,79" hai3="35,123,57,101,68,36,75,73,98,78,134,130,88"/><U44/><E116/><V77/><F122/><W46/><G35/><T100/><D3/><U121/><E110/><V39/><F34/><W128/><G68/><T15/><D119/><U10/><E121/><V76/><F109/><W103/><G123/><T28/><D72/><N who="3" m="27721" /><G57/><T94/><D113/><U29/><E120/><V80/><F132/><W112/><G112/><T37/><D37/><U66/><E2/><V135/><F135/><W45/><G134/><T20/><D61/><U108/><E108/><V31/><F31/><W51/><G45/><T18/><D28/><U95/><E87/><V19/><F99/><W117/><G36/><T125/><D125/><U129/><E129/><N who="3" m="49770" /><G78/><T38/><D38/><U107/><E29/><V67/><F76/><W17/><G17/><T55/><D89/><U40/><E40/><V7/><F77/><W65/><G65/><N who="1" m="25194" /><E42/><V71/><F71/><W115/><G117/><T124/><D124/><U6/><E6/><N who="2" m="2059" /><F1/><W126/><G126/><T0/><D0/><U118/><E118/><V11/><F39/><W70/><G70/><T4/><D4/><U114/><E114/><V74/><F43/><N who="3" m="25055" /><G115/><T41/><D41/><U69/><E69/><V32/><F32/><W81/><G98/><T8/><D8/><U102/><E107/><V30/><F74/><W106/><G106/><T25/><D25/><U84/><E84/><AGARI ba="1,1" hai="81,84,88,101,103" m="25055,49770,27721" machi="84" ten="30,2000,0" yaku="19,1,54,1" doraHai="62" who="3" fromWho="1" sc="240,0,240,-23,270,0,240,33" /><INIT seed="2,0,0,5,1,78" ten="240,217,270,273" oya="2" hai0="77,5,32,131,72,112,46,74,126,45,64,44,100" hai1="133,102,30,69,123,93,61,111,97,96,23,117,81" hai2="41,50,37,54,132,66,15,18,43,19,63,79,17" hai3="122,14,92,104,108,125,3,103,59,107,9,116,94"/><V49/><F132/><W99/><G3/><T40/><D112/><U53/><E117/><V6/><F37/><W130/><G116/><T87/><D32/><U39/><E39/><V20/><F79/><W38/><G122/><T8/><D126/><U31/><E133/><V124/><F124/><W29/><G38/><T47/><D131/><U34/><E123/><V75/><F75/><W1/><G1/><T89/><D100/><U51/><E111/><V84/><F84/><W135/><G29/><T28/><D28/><U90/><E34/><V95/><F95/><W121/><G121/><T35/><D64/><U2/><E2/><V110/><F110/><W83/><G125/><T21/><D21/><U86/><E97/><V101/><F101/><W82/><G108/><T57/><D57/><U68/><E68/><V60/><F66/><W120/><G120/><T127/><D35/><U33/><E33/><V55/><F20/><W16/><G135/><T73/><D77/><U71/><E71/><V128/><F128/><W85/><G130/><T22/><D22/><U13/><E61/><V36/><F36/><W48/><G104/><T25/><D25/><U0/><E0/><V80/><F63/><W42/><G107/><T7/><D8/><U119/><E69/><V106/><F106/><W109/><G109/><T67/><D67/><U12/><E119/><V91/><F60/><W11/><G11/><T27/><D27/><N who="1" m="16767" /><E31/><V65/><F65/><W118/><G118/><T26/><D127/><U105/><E105/><V114/><F114/><W24/><G9/><T56/><D72/><RYUUKYOKU ba="0,0" sc="240,-10,217,30,270,-10,273,-10" hai1="12,13,51,53,81,86,90,93,96,102" /><INIT seed="3,1,0,1,4,64" ten="230,247,260,263" oya="3" hai0="59,74,13,25,103,131,24,125,81,11,119,96,30" hai1="16,127,42,73,53,0,106,113,32,95,6,52,62" hai2="3,8,101,20,21,9,130,61,50,15,69,91,123" hai3="10,27,46,63,37,47,128,49,94,78,79,39,48"/><W66/><G128/><T109/><D119/><U70/><E106/><V26/><F101/><W87/><G27/><T67/><D131/><U38/><E73/><V5/><F130/><W76/><G10/><T107/><D109/><U1/><E113/><V92/><F50/><W85/><G94/><T60/><D125/><U134/><E32/><V80/><F80/><W83/><G83/><T34/><D25/><U133/><E127/><V124/><F124/><W135/><G135/><N who="1" m="51722" /><E38/><V88/><F123/><W57/><G48/><T122/><D122/><U90/><E42/><V126/><F126/><W89/><G89/><T36/><D36/><U104/><E104/><V82/><F82/><W45/><G49/><T132/><D132/><U105/><E105/><V84/><F91/><W51/><G51/><T22/><D34/><U40/><E40/><V54/><F26/><W2/><G2/><N who="1" m="1130" /><E6/><V117/><F117/><W114/><G114/><T14/><REACH who="0" step="1"/><D11/><REACH who="0" step="2"/><U12/><E90/><V55/><F8/><W17/><G39/><T111/><D111/><U56/><E95/><V100/><F9/><W77/><G37/><T18/><D18/><U102/><E102/><V120/><F100/><W31/><G17/><T35/><D35/><U108/><E108/><V129/><F120/><W93/><G31/><T33/><D33/><U4/><E4/><V41/><F129/><W115/><G115/><T28/><D28/><U71/><E53/><V75/><F5/><W43/><G43/><T68/><D68/><U121/><E121/><V110/><F41/><W23/><G23/><AGARI ba="1,1" hai="12,16,23,52,56,62,70,71" m="1130,51722" machi="23" ten="30,8000,1" yaku="20,1,52,2,54,2" doraHai="64" who="1" fromWho="3" sc="220,0,247,93,260,0,263,-83" owari="220,-18,340,44,260,6,180,-32" /></mjloggm>