<mjloggm ver="2.3"><GO type="225"/><UN n0="%E7%9C%9F%E9%BE%8D%E2%80%A6" n1="%E9%87%98%E5%AE%AE%E7%97%85%E6%82%A3%E8%80%85" n2="%E3%83%9C%E3%83%84" n3="%E3%81%B3%E3%82%8A%E3%81%B3%E3%82%8A%E2%98%86%E3%83%93%E3%83%AA%E3%83%BC" dan="17,17,16,16" rate="2128,2145,2044,2143" sx="F,M,M,M"/><TAIKYOKU oya="0"/><INIT seed="0,0,0,2,2,1" ten="250,250,250,250" oya="0" hai0="85,91,34,60,35,32,62,110,33,64,77,83,90" hai1="116,94,50,44,66,81,127,67,68,61,96,111,102" hai2="21,71,131,3,133,123,6,76,59,87,19,0,4" hai3="134,28,18,16,95,26,129,120,130,43,11,47,10"/><T79/><N who="0" m="8192" /><DORA hai="106" /><T78/><D110/><U7/><E116/><V69/><F123/><W41/><G28/><T20/><D20/><U49/><E127/><V121/><F121/><W107/><G107/><T56/><D62/><U125/><E125/><V70/><F59/><W124/><G120/><T100/><D100/><U65/><E111/><V46/><F46/><W115/><G124/><T58/><REACH who="0" step="1"/><D90/><REACH who="0" step="2"/><U122/><E122/><V98/><F21/><W53/><G129/><T73/><D73/><U17/><E61/><V75/><F131/><W38/><G130/><T93/><D93/><U88/><E102/><V80/><F75/><W48/><G95/><T39/><D39/><U86/><E94/><V114/><F114/><W51/><G115/><T113/><D113/><U101/><E101/><V135/><F135/><W63/><G134/><T30/><D30/><U84/><E88/><V29/><F133/><W92/><G92/><T103/><D103/><U118/><E118/><V119/><F29/><W109/><G109/><T104/><D104/><U37/><E37/><V54/><F119/><W72/><G72/><T132/><D132/><U74/><E74/><V97/><F80/><W27/><G38/><T82/><D82/><U108/><E81/><V8/><F76/><W9/><G63/><T25/><D25/><N who="3" m="9225" /><G41/><T22/><D22/><U24/><E108/><V89/><F89/><W12/><G18/><T36/><D36/><U105/><E17/><V13/><F19/><W112/><G112/><T42/><D42/><U15/><E105/><V126/><F126/><W40/><G43/><RYUUKYOKU ba="0,1" sc="240,15,250,-15,250,-15,250,15" hai0="56,58,60,64,77,78,79,83,85,91" hai3="9,10,11,12,16,40,47,48,51,53" /><INIT seed="0,1,1,4,3,55" ten="255,235,235,265" oya="0" hai0="134,42,29,107,113,6,12,89,3,64,112,9,100" hai1="135,61,57,14,65,91,20,97,4,30,5,85,84" hai2="116,70,40,56,82,52,48,95,122,130,36,31,59" hai3="32,23,53,125,99,7,58,39,106,69,133,90,110"/><T51/><D134/><U81/><E135/><V108/><F122/><W129/><G69/><T86/><D29/><U63/><E97/><V27/><F70/><W128/><G32/><T83/><D64/><U72/><E72/><V93/><F108/><W121/><G133/><T34/><D34/><U13/><E85/><V117/><F130/><N who="3" m="50283" /><G110/><T38/><D38/><U26/><REACH who="1" step="1"/><E63/><REACH who="1" step="2"/><V21/><F116/><W92/><G99/><T47/><D107/><U16/><E16/><V94/><F117/><W28/><G106/><T79/><D100/><U77/><E77/><V96/><F96/><W118/><G118/><T102/><D102/><U17/><E17/><V131/><F131/><W104/><G104/><T111/><D111/><U126/><E126/><V119/><F119/><W25/><G125/><T50/><D89/><U68/><E68/><V115/><F115/><W33/><G90/><T88/><D79/><U73/><E73/><V49/><F82/><W46/><G121/><T123/><D123/><U62/><E62/><V78/><F78/><W19/><G19/><T71/><D71/><U66/><E66/><V41/><F36/><W44/><G39/><T80/><D80/><U24/><E24/><V109/><F109/><W1/><G92/><T22/><D50/><U0/><E0/><V98/><F98/><W11/><G33/><T120/><D120/><U87/><E87/><V45/><F48/><AGARI ba="1,2" hai="1,7,11,23,25,28,44,46,48,53,58" m="50283" machi="48" ten="30,2000,0" yaku="19,1,52,1" doraHai="55" who="3" fromWho="2" sc="255,0,225,0,235,-23,265,43" /><INIT seed="1,0,0,5,4,128" ten="255,225,212,308" oya="1" hai0="84,53,75,77,19,83,129,113,92,125,4,35,114" hai1="58,3,59,0,29,70,31,98,69,25,91,47,40" hai2="33,93,107,34,126,54,15,67,111,109,117,101,74" hai3="82,104,1,81,57,118,79,110,17,71,106,133,21"/><U99/><E47/><V56/><F117/><W134/><G110/><N who="2" m="41993" /><F107/><N who="3" m="41003" /><G71/><T123/><D35/><U16/><E25/><V52/><F74/><W86/><G1/><T76/><D4/><U44/><E44/><V46/><F126/><W14/><G57/><T42/><D42/><U8/><E40/><V68/><F68/><W96/><G96/><T116/><D116/><U97/><E97/><N who="2" m="59567" /><F15/><W48/><G48/><T72/><D125/><U36/><E8/><V122/><F122/><W94/><G118/><T66/><D129/><U119/><E119/><V135/><F135/><N who="3" m="51723" /><G81/><T55/><D83/><U89/><E36/><V24/><F24/><W100/><G94/><T88/><D92/><U63/><E63/><N who="2" m="38375" /><F46/><W102/><AGARI ba="0,0" hai="14,17,21,79,82,86,100,102" m="51723,41003" machi="102" ten="40,8000,1" yaku="20,1,52,3" doraHai="128" who="3" fromWho="3" sc="255,-20,225,-40,212,-20,308,80" /><INIT seed="2,0,0,2,2,73" ten="235,185,192,388" oya="2" hai0="87,60,40,68,6,69,122,115,30,71,89,47,65" hai1="26,14,32,77,118,99,82,55,25,21,97,9,8" hai2="117,96,27,111,24,12,35,132,29,106,76,20,107" hai3="18,41,1,127,36,4,116,92,67,59,64,80,62"/><V15/><F117/><W13/><G116/><T120/><D115/><U42/><E118/><V88/><F132/><W51/><G36/><T102/><D6/><U81/><E42/><V16/><F111/><W23/><G127/><T86/><D102/><U0/><E0/><V5/><F76/><W98/><G1/><T50/><D30/><U101/><E32/><V78/><F78/><W113/><G80/><T49/><D89/><U126/><E126/><V110/><F110/><W131/><G131/><T10/><D10/><U63/><E82/><V100/><F106/><W74/><G74/><T22/><D22/><U31/><E26/><V135/><F135/><W112/><G4/><T54/><D86/><N who="1" m="48431" /><E101/><V48/><F5/><W70/><G70/><T52/><D87/><U53/><E8/><V28/><F28/><W19/><G18/><T94/><D94/><U79/><E79/><V75/><F75/><W93/><G98/><N who="1" m="37386" /><E63/><V130/><F130/><W2/><G2/><T128/><D128/><U85/><E85/><V91/><REACH who="2" step="1"/><F48/><REACH who="2" step="2"/><W129/><G129/><T108/><D108/><U58/><E58/><V11/><F11/><W46/><G113/><T95/><D95/><N who="3" m="36425" /><G112/><T90/><D90/><AGARI ba="0,1" hai="12,15,16,20,24,27,29,35,88,90,91,96,100,107" machi="90" ten="40,7700,0" yaku="1,1,54,2,53,0" doraHai="73" doraHaiUra="124" who="2" fromWho="0" sc="235,-77,185,0,182,87,388,0" /><INIT seed="2,1,0,2,2,97" ten="158,185,269,388" oya="2" hai0="93,109,53,81,3,4,110,108,134,42,39,40,118" hai1="14,76,16,72,83,6,88,123,75,54,71,55,122" hai2="20,58,111,84,127,15,79,7,28,32,135,23,116" hai3="132,103,89,112,85,37,11,120,99,92,73,80,77"/><V126/><F116/><W104/><G37/><T49/><D3/><U124/><E6/><V36/><F36/><W63/><G132/><T102/><D4/><U101/><E101/><V5/><F58/><W130/><G130/><T113/><D113/><U44/><E71/><V41/><F41/><N who="0" m="15978" /><D81/><U87/><E124/><N who="2" m="47659" /><F84/><W128/><G128/><T114/><D114/><U105/><E105/><V47/><F47/><W29/><G112/><T66/><D39/><U1/><E1/><V45/><F45/><W131/><G131/><T94/><D134/><U48/><E55/><V19/><F79/><W50/><G50/><T33/><D33/><U82/><REACH who="1" step="1"/><E75/><REACH who="1" step="2"/><V121/><F135/><W34/><G73/><T2/><D118/><U43/><E43/><V100/><F100/><W107/><G103/><T13/><D2/><U129/><E129/><V8/><F121/><W46/><G120/><T56/><D66/><U0/><E0/><V106/><F106/><W96/><G104/><T78/><D78/><U65/><E65/><V27/><F111/><W60/><G77/><T67/><D67/><U25/><E25/><V91/><F91/><W21/><G89/><T57/><D13/><U117/><E117/><V9/><F5/><W30/><G107/><T10/><D102/><U70/><E70/><V62/><F7/><W22/><G34/><T133/><D133/><U59/><E59/><V12/><F32/><W86/><G46/><T31/><D57/><U64/><E64/><V68/><F15/><W26/><G26/><T17/><D31/><U69/><E69/><V51/><F68/><RYUUKYOKU ba="1,1" sc="158,15,175,15,269,-15,388,-15" hai0="10,17,49,53,56,93,94,108,109,110" hai1="14,16,44,48,54,72,76,82,83,87,88,122,123" /><INIT seed="3,2,1,2,0,46" ten="173,190,254,373" oya="3" hai0="91,96,133,30,97,51,62,118,15,18,100,119,130" hai1="90,84,57,123,120,71,94,117,16,104,59,36,24" hai2="6,114,29,92,61,98,82,20,43,4,110,25,26" hai3="63,93,8,78,7,72,125,34,76,68,115,132,23"/><W2/><G115/><T122/><D122/><U101/><E71/><V45/><F114/><W102/><G23/><T81/><D81/><N who="1" m="49423" /><E36/><V129/><F82/><W108/><G78/><T70/><D133/><U27/><E104/><V87/><F87/><W75/><G76/><T40/><D130/><U1/><E1/><V48/><F110/><W99/><G125/><T67/><D30/><U95/><E117/><V39/><F39/><W74/><G34/><T28/><D28/><U106/><E106/><V134/><F129/><W116/><G116/><T37/><D37/><U21/><E120/><V105/><F105/><W10/><G10/><T33/><D33/><U80/><E123/><V38/><F38/><W56/><G68/><T32/><D32/><U111/><E111/><V113/><F134/><W60/><G132/><T55/><D40/><U5/><E5/><V41/><F41/><W47/><G75/><T14/><D118/><U79/><E24/><V128/><F26/><W12/><G74/><T54/><D119/><U65/><E65/><V66/><F113/><W131/><G72/><T9/><D15/><U49/><E101/><V11/><F128/><W52/><G2/><T13/><D13/><U53/><E59/><V17/><F66/><W19/><G56/><T109/><D109/><U126/><E126/><V58/><F58/><W22/><G131/><T50/><D100/><U107/><E107/><V44/><F29/><W0/><G102/><T89/><D97/><U73/><E73/><V83/><F98/><W124/><G99/><T127/><D127/><U135/><E135/><RYUUKYOKU ba="2,1" sc="173,-10,190,30,254,-10,373,-10" hai1="16,21,27,49,53,57,79,80,94,95" owari="163,-34,220,-18,244,4,373,48" /></mjloggm>