<mjloggm ver="2.3"><GO type="169"/><UN n0="%E3%83%9C%E3%83%84" n1="%E6%9C%A7%E5%A4%8F%E6%9C%88" n2="%E3%82%A2%E3%83%AB%E3%83%9E%E3%82%B8%E3%83%AD%E3%81%AE%E5%A4%96%E5%A5%97" n3="%E5%A4%9C%E5%A4%A2%E6%AB%BB" dan="16,17,16,16" rate="2053,2184,2101,2116" sx="M,F,F,M"/><TAIKYOKU oya="0"/><INIT seed="0,0,0,5,3,109" ten="250,250,250,250" oya="0" hai0="100,103,29,82,77,132,50,62,18,59,44,46,89" hai1="39,13,3,40,6,66,98,76,58,101,24,93,10" hai2="114,64,135,51,99,107,124,16,15,28,73,11,49" hai3="56,75,119,7,106,23,96,45,67,20,36,27,5"/><T17/><D132/><U42/><E39/><V125/><F73/><W92/><G119/><T65/><D29/><U102/><E101/><N who="0" m="38985" /><D77/><U115/><E3/><V71/><F107/><W122/><G75/><T38/><D38/><U1/><E1/><V123/><F123/><W94/><G106/><T70/><D70/><U41/><E76/><V91/><F135/><W86/><G36/><T116/><D116/><U31/><E115/><V33/><F114/><W78/><G45/><N who="0" m="17515" /><D50/><U90/><E90/><V14/><F28/><W8/><G78/><T25/><D25/><U68/><E68/><V129/><F33/><W108/><G27/><T57/><D57/><U19/><E6/><V127/><F15/><W118/><G7/><T2/><D2/><U53/><E66/><V113/><F113/><W55/><G67/><T95/><D82/><U111/><E111/><V52/><F64/><W128/><G5/><T110/><D110/><U54/><REACH who="1" step="1"/><E58/><REACH who="1" step="2"/><N who="2" m="33039" /><F71/><W112/><G56/><T133/><D133/><U74/><E74/><V69/><F69/><W32/><G108/><T88/><D89/><U48/><E48/><V22/><F51/><W131/><G112/><T72/><D72/><U26/><E26/><V21/><F124/><W43/><G118/><T9/><D9/><U63/><E63/><V117/><F125/><W87/><G8/><T121/><D121/><U84/><E84/><AGARI ba="0,1" hai="17,18,59,62,65,84,88,95" m="17515,38985" machi="84" ten="30,2900,0" yaku="8,1,54,1" doraHai="109" who="0" fromWho="1" sc="250,39,240,-29,250,0,250,0" /><INIT seed="0,1,0,3,1,21" ten="289,211,250,250" oya="0" hai0="123,0,38,114,72,17,105,99,59,88,109,43,126" hai1="20,113,94,121,10,26,86,13,79,81,49,36,133" hai2="61,54,5,50,69,51,14,120,93,111,97,128,127" hai3="67,35,3,84,65,57,115,18,125,58,129,19,124"/><T134/><RYUUKYOKU type="yao9" ba="1,0" sc="289,0,211,0,250,0,250,0" hai0="0,17,38,43,59,72,88,99,105,109,114,123,126,134" /><INIT seed="0,2,0,4,0,24" ten="289,211,250,250" oya="0" hai0="46,3,1,112,5,108,44,72,21,35,128,52,62" hai1="110,42,76,27,51,99,119,41,80,66,4,88,13" hai2="79,7,12,16,50,68,104,60,83,132,47,92,71" hai3="126,100,135,33,39,25,134,82,18,84,45,127,87"/><T91/><D112/><U6/><E119/><V56/><F104/><W14/><G100/><T121/><D121/><U93/><E110/><V97/><F7/><W26/><G39/><T8/><D35/><U9/><E66/><V103/><F132/><N who="3" m="50731" /><G45/><T55/><D72/><U40/><E27/><N who="3" m="10250" /><G33/><T2/><D128/><U106/><E106/><V133/><F133/><W69/><G69/><T57/><D21/><U48/><REACH who="1" step="1"/><E4/><REACH who="1" step="2"/><V37/><F71/><W129/><G129/><T31/><D5/><U54/><E54/><V29/><F68/><W77/><G87/><AGARI ba="2,1" hai="6,9,13,40,41,42,48,51,76,80,87,88,93,99" machi="87" ten="40,8000,1" yaku="1,1,8,1,54,1,53,1" doraHai="24" doraHaiUra="0" who="1" fromWho="3" sc="289,0,201,96,250,0,250,-86" /><INIT seed="1,0,0,0,1,93" ten="289,297,250,164" oya="1" hai0="127,105,128,73,131,43,6,98,83,9,102,66,125" hai1="88,11,126,116,134,52,15,132,21,61,130,107,108" hai2="7,106,32,1,35,118,103,119,23,51,10,114,82" hai3="18,36,75,90,12,84,120,5,8,37,85,4,67"/><U69/><E116/><V96/><F114/><W50/><G120/><T38/><D66/><U124/><E107/><V58/><F118/><W47/><G75/><T54/><D54/><U33/><E33/><V101/><F119/><W3/><G67/><T14/><D43/><U135/><E108/><V46/><F103/><W17/><G85/><T80/><D38/><U65/><E21/><V77/><F23/><W133/><G133/><T41/><D41/><U99/><E130/><N who="0" m="49705" /><D73/><U44/><E15/><V49/><F58/><W95/><G5/><T68/><D68/><U81/><E11/><V115/><F115/><W26/><G26/><T34/><D34/><U91/><E81/><AGARI ba="0,0" hai="6,9,14,80,81,83,98,102,105,125,127" m="49705" machi="81" ten="30,2000,0" yaku="19,1,52,1" doraHai="93" who="0" fromWho="1" sc="289,20,297,-20,250,0,164,0" /><INIT seed="2,0,0,0,0,52" ten="309,277,250,164" oya="2" hai0="12,30,54,121,26,21,101,71,20,83,114,106,85" hai1="104,126,45,61,134,127,0,58,78,86,19,112,87" hai2="59,6,51,67,35,17,63,82,46,14,74,1,120" hai3="60,128,69,34,125,122,73,3,91,18,55,99,81"/><V13/><F35/><W88/><G122/><T64/><D114/><U41/><E112/><V25/><F120/><W31/><G3/><T119/><D119/><U42/><E0/><V39/><F39/><W98/><G128/><T110/><D110/><U2/><E2/><V109/><F109/><W9/><G125/><T4/><D121/><U130/><E104/><V65/><F65/><W80/><G34/><T95/><D106/><U38/><E130/><V123/><F123/><W100/><G31/><T62/><D54/><U118/><E118/><V132/><F132/><W97/><G100/><T96/><D4/><U133/><E42/><V76/><F1/><W47/><G69/><T93/><D12/><U8/><E19/><V135/><F135/><N who="1" m="51721" /><E8/><V40/><REACH who="2" step="1"/><F6/><REACH who="2" step="2"/><W113/><G113/><T43/><D64/><N who="1" m="38967" /><E78/><V75/><F75/><W131/><G73/><T44/><D71/><U15/><E15/><V102/><F102/><W84/><G131/><T37/><D101/><U10/><E10/><V29/><F29/><W70/><G70/><T111/><D30/><U49/><E38/><V108/><F108/><W23/><G9/><T94/><D37/><U129/><E129/><V53/><F53/><W36/><G36/><T28/><D28/><U124/><AGARI ba="0,1" hai="41,45,49,86,87,124,126,127" m="38967,51721" machi="124" ten="40,5200,0" yaku="18,1,20,1,52,1" doraHai="52" who="1" fromWho="1" sc="309,-13,277,62,240,-26,164,-13" /><INIT seed="3,0,0,2,5,76" ten="296,339,214,151" oya="3" hai0="23,46,97,67,12,123,8,61,106,70,63,89,22" hai1="117,130,79,120,66,105,37,48,112,103,50,1,25" hai2="100,87,16,40,30,54,99,83,131,44,135,82,111" hai3="5,2,107,27,28,114,80,34,62,77,110,108,19"/><W125/><G107/><T74/><D123/><U92/><E1/><V9/><F111/><N who="3" m="42539" /><G114/><T86/><D74/><U81/><E37/><V56/><F131/><W129/><G62/><T26/><D46/><U36/><E36/><V17/><F135/><W35/><G129/><T15/><D15/><U68/><E25/><V6/><F30/><W96/><G96/><T45/><D45/><U20/><E68/><V73/><F73/><N who="3" m="43055" /><G125/><T7/><D61/><U29/><E105/><V118/><F118/><W3/><G34/><T84/><D97/><U85/><E120/><V10/><F87/><W121/><G121/><T39/><D106/><U21/><E85/><V98/><F44/><W41/><G41/><T94/><D84/><U122/><E122/><V4/><F40/><W60/><G60/><T101/><D101/><U33/><E103/><V93/><F56/><W88/><G5/><N who="2" m="2153" /><F54/><W113/><G113/><T65/><D65/><U75/><E66/><V47/><F47/><W32/><G32/><T95/><D67/><U43/><E43/><V128/><F128/><W58/><G58/><T49/><D7/><U53/><E53/><V132/><F99/><W115/><G115/><T127/><D63/><U104/><E112/><V78/><F78/><W24/><G88/><T124/><D89/><U72/><E130/><V102/><F102/><W64/><G64/><T13/><D124/><U69/><E104/><V51/><F98/><W71/><G71/><T55/><D70/><U38/><E33/><V109/><F109/><W90/><G90/><T91/><D91/><U18/><E69/><RYUUKYOKU ba="0,0" sc="296,-10,339,-10,214,-10,151,30" hai3="2,3,19,24,27,28,35" /><INIT seed="3,1,0,2,0,114" ten="286,329,204,181" oya="3" hai0="44,35,78,0,61,5,77,72,43,18,42,59,31" hai1="23,49,69,54,82,95,41,133,87,57,11,47,104" hai2="108,71,46,28,129,34,92,99,51,4,96,116,12" hai3="81,118,105,79,55,40,68,113,32,58,24,19,126"/><W1/><G113/><T74/><D18/><U94/><E104/><V100/><F71/><W124/><G105/><T98/><D98/><U107/><E107/><V70/><F70/><W121/><G68/><T56/><D5/><U101/><E69/><V127/><F116/><W109/><G121/><T8/><D8/><U15/><E23/><V45/><F108/><W26/><G1/><T135/><D31/><U25/><E25/><N who="3" m="9834" /><G32/><T134/><D44/><U90/><E133/><V93/><F34/><W2/><G2/><T39/><D35/><U53/><E101/><V76/><F127/><N who="3" m="48683" /><G109/><T66/><D0/><U83/><E83/><V9/><F129/><W122/><G19/><T29/><D29/><U20/><E20/><V13/><F28/><W33/><G40/><T7/><D7/><N who="1" m="3583" /><E41/><V112/><F112/><W102/><G102/><T62/><D39/><U21/><E21/><V67/><F9/><W63/><G122/><T16/><D16/><U80/><E80/><V3/><F3/><W111/><G111/><T48/><D48/><AGARI ba="1,0" hai="47,48,49,53,54,57,82,87,90,94,95" m="3583" machi="48" ten="30,1000,0" yaku="8,1" doraHai="114" who="1" fromWho="0" sc="286,-13,329,13,204,0,181,0" /><INIT seed="4,0,0,1,1,31" ten="273,342,204,181" oya="0" hai0="78,129,114,0,124,10,69,97,134,77,130,91,75" hai1="30,92,90,67,46,126,108,25,99,70,79,110,22" hai2="72,37,6,103,45,135,26,106,56,33,9,5,12" hai3="100,42,87,112,102,52,36,80,119,71,1,66,57"/><T49/><D69/><U81/><E126/><V85/><F72/><W95/><G119/><T86/><D124/><U62/><REACH who="1" step="1"/><E46/><REACH who="1" step="2"/><V15/><F45/><W8/><G112/><T51/><D129/><U54/><E54/><V98/><F135/><W41/><G52/><T93/><D134/><U123/><E123/><V104/><F37/><W89/><G36/><T88/><D130/><U132/><E132/><V111/><F111/><W113/><G113/><T23/><D114/><U20/><E20/><V128/><F128/><W13/><G42/><T53/><D23/><U60/><E60/><V40/><F40/><W43/><G41/><T38/><D38/><U68/><E68/><V18/><F56/><W3/><G57/><T120/><D120/><U101/><E101/><V47/><F47/><W131/><G102/><T83/><D51/><U109/><E109/><V29/><F106/><W44/><G43/><T55/><D55/><U133/><E133/><V117/><F117/><W48/><G44/><T39/><D39/><U118/><E118/><V2/><F2/><W11/><G48/><T94/><D53/><U58/><E58/><V116/><F116/><W82/><G100/><T65/><D49/><U7/><E7/><V122/><F122/><W61/><G131/><T63/><D63/><U64/><E64/><V16/><F85/><AGARI ba="0,1" hai="22,25,30,62,67,70,79,81,85,90,92,99,108,110" machi="85" ten="30,2000,0" yaku="1,1,7,1,53,0" doraHai="31" doraHaiUra="127" who="1" fromWho="2" sc="273,0,332,30,204,-20,181,0" /><INIT seed="5,0,0,5,0,50" ten="273,362,184,181" oya="1" hai0="23,92,71,114,81,91,26,70,104,93,85,61,47" hai1="46,128,97,7,101,54,17,19,53,25,87,29,107" hai2="66,58,126,121,37,135,31,4,122,120,67,96,60" hai3="11,15,59,79,77,51,116,39,6,33,103,3,98"/><U89/><E7/><V124/><F31/><W94/><G39/><T22/><D104/><U62/><E128/><V49/><F37/><W44/><G33/><T111/><D111/><U69/><E46/><V113/><F96/><W80/><G116/><T48/><D114/><U9/><E9/><V102/><F102/><W133/><G133/><T14/><D14/><U57/><E69/><V115/><F4/><W84/><G59/><T8/><D8/><U28/><E54/><N who="2" m="32079" /><F135/><W41/><REACH who="3" step="1"/><G3/><REACH who="3" step="2"/><T106/><D70/><U108/><E108/><V20/><F20/><W5/><G5/><T56/><D22/><U24/><E57/><N who="2" m="37135" /><F67/><W30/><G30/><T32/><D23/><U83/><E28/><V118/><F118/><W105/><G105/><T131/><D106/><U88/><E29/><V129/><F129/><W36/><G36/><T43/><D131/><U127/><E107/><V117/><F117/><W132/><G132/><T68/><D68/><U34/><E34/><V52/><F115/><W64/><G64/><T12/><D71/><U99/><E17/><V55/><F113/><W86/><G86/><T65/><D32/><U119/><E87/><V27/><F27/><W75/><G75/><T74/><D74/><U42/><E19/><V100/><F100/><W125/><G125/><AGARI ba="0,1" hai="52,55,120,121,122,124,125,126" m="37135,32079" machi="125" ten="40,12000,2" yaku="18,1,34,2,52,3,54,1" doraHai="50" who="2" fromWho="3" sc="273,0,362,0,184,130,171,-120" /><INIT seed="6,0,0,3,5,70" ten="273,362,314,51" oya="2" hai0="108,133,7,41,10,99,34,9,98,116,43,8,54" hai1="62,124,95,27,97,81,45,135,32,58,110,76,128" hai2="78,65,101,77,61,64,53,118,1,119,40,0,5" hai3="67,122,89,12,35,84,125,79,13,86,83,127,6"/><V103/><F61/><W15/><G122/><T37/><D108/><U56/><E110/><V117/><F5/><W22/><G35/><T96/><D34/><U50/><E124/><N who="3" m="47690" /><G67/><N who="2" m="25673" /><F53/><W3/><G3/><N who="2" m="1097" /><F40/><W30/><G6/><T71/><D54/><U87/><E32/><V106/><F106/><W111/><G111/><T14/><D71/><U11/><E58/><V16/><F16/><N who="3" m="10503" /><G30/><T18/><D7/><U59/><E62/><V88/><F88/><W39/><G39/><T72/><D37/><U38/><E38/><V115/><F115/><W105/><G105/><T130/><D18/><U69/><E69/><V52/><F52/><W75/><G75/><T107/><D72/><U19/><E19/><V113/><F113/><W91/><G91/><T49/><D107/><U114/><E59/><V100/><AGARI ba="0,0" hai="77,78,100,101,103,117,118,119" m="1097,25673" machi="100" ten="40,3900,0" yaku="28,2" doraHai="70" who="2" fromWho="2" sc="273,-13,362,-13,314,39,51,-13" /><INIT seed="6,1,0,1,1,39" ten="260,349,353,38" oya="2" hai0="133,100,120,67,119,126,57,56,76,79,98,125,84" hai1="92,34,111,11,55,25,44,112,127,47,90,24,121" hai2="29,123,60,27,94,101,122,16,10,89,26,38,31" hai3="49,104,129,103,2,93,68,70,12,124,21,134,95"/><V5/><F101/><W36/><G36/><T14/><D120/><U83/><E111/><V33/><F16/><W8/><G104/><T114/><D14/><U41/><E112/><V96/><F38/><W1/><G124/><N who="0" m="47723" /><D114/><U110/><E83/><V48/><F60/><W19/><G129/><T53/><D133/><U6/><E34/><V116/><F116/><W43/><G134/><T73/><D84/><U50/><E110/><V17/><F17/><W74/><G74/><T77/><D119/><U66/><E66/><V80/><F80/><W85/><G70/><T115/><D115/><U3/><E121/><V0/><REACH who="2" step="1"/><F48/><REACH who="2" step="2"/><W23/><G49/><T42/><D100/><U35/><E127/><V62/><F62/><W7/><G103/><T99/><D73/><U82/><E82/><V132/><F132/><W46/><G19/><T30/><D30/><U37/><E35/><AGARI ba="1,1" hai="0,5,10,26,27,29,31,33,35,89,94,96,122,123" machi="35" ten="30,11600,0" yaku="1,1,7,1,9,1,53,1" doraHai="39" doraHaiUra="88" who="2" fromWho="1" sc="260,0,349,-119,343,129,38,0" /><INIT seed="6,2,0,0,3,40" ten="260,230,472,38" oya="2" hai0="35,24,72,74,52,103,60,93,125,56,101,67,108" hai1="70,46,97,65,128,36,99,55,100,78,75,66,30" hai2="50,54,90,5,45,14,23,4,39,16,126,111,62" hai3="124,82,41,37,77,13,86,98,94,58,49,42,121"/><V83/><F126/><W64/><G121/><T21/><D125/><U51/><E128/><V116/><F116/><W133/><G124/><T31/><D108/><U17/><E30/><V120/><F120/><W112/><G133/><T47/><D35/><U104/><E70/><V19/><F111/><W12/><G37/><T0/><D0/><U106/><E36/><V114/><F114/><W79/><G112/><T134/><D134/><U59/><E59/><V69/><F39/><W119/><G119/><T8/><D8/><U107/><E17/><V61/><F69/><W29/><G79/><T48/><D101/><U127/><E127/><V76/><F90/><W15/><G29/><T71/><D71/><U87/><E75/><V118/><F118/><W22/><G22/><T102/><D102/><U2/><E2/><V123/><F123/><W11/><G42/><T113/><D113/><U85/><E99/><AGARI ba="2,0" hai="21,24,31,47,48,52,56,60,67,72,74,93,99,103" machi="99" ten="40,8000,1" yaku="25,2,52,1,54,1" doraHai="40" who="0" fromWho="1" sc="260,86,230,-86,472,0,38,0" /><INIT seed="7,0,0,4,5,37" ten="346,144,472,38" oya="3" hai0="56,62,101,106,0,11,75,61,89,22,33,76,7" hai1="23,98,6,32,8,48,38,27,108,117,118,24,21" hai2="72,39,30,52,5,112,114,130,9,84,71,97,12" hai3="60,47,86,55,14,83,63,31,74,80,96,2,129"/><W88/><G2/><T70/><D33/><U81/><E38/><V44/><F72/><W102/><G129/><T25/><D70/><U109/><E81/><V124/><F71/><W91/><G31/><T41/><D89/><U29/><E98/><V85/><F130/><W54/><G74/><T135/><D135/><U95/><E95/><V77/><F124/><W51/><G55/><T78/><D62/><U120/><E48/><N who="2" m="28679" /><F39/><W94/><REACH who="3" step="1"/><G14/><REACH who="3" step="2"/><T58/><D75/><U18/><E120/><V103/><F30/><W110/><G110/><N who="1" m="42602" /><E32/><V17/><F12/><AGARI ba="0,1" hai="6,8,12,18,21,23,24,27,29,117,118" m="42602" machi="12" ten="30,2000,0" yaku="34,2" doraHai="37" who="1" fromWho="2" sc="346,0,144,30,472,-20,28,0" owari="346,15,174,-23,452,55,28,-47" /></mjloggm>