<mjloggm ver="2.3"><GO type="225"/><UN n0="%E3%81%86%E3%82%81%E5%B9%B2%E3%81%97%E3%81%B0%E3%81%B0%E3%81%82" n1="%E4%B8%AD%E7%94%BA%E3%81%8B%E3%81%AA" n2="%E3%83%9C%E3%82%AB%E3%83%86%E3%83%B3" n3="%E6%AF%94%E5%98%89%E7%A7%80%E4%BB%81" dan="17,16,16,16" rate="2145,2048,2059,2131" sx="F,F,M,M"/><TAIKYOKU oya="0"/><INIT seed="0,0,0,2,5,72" ten="250,250,250,250" oya="0" hai0="60,96,27,80,36,131,30,76,120,61,119,74,44" hai1="112,31,9,75,34,82,64,10,115,40,125,37,65" hai2="16,99,14,57,39,116,103,15,26,43,107,78,122" hai3="101,86,8,73,55,104,53,25,87,17,38,22,124"/><T45/><D119/><U135/><E125/><V114/><F114/><N who="1" m="43561" /><E135/><V68/><F68/><W85/><G38/><T105/><D120/><U13/><E31/><V123/><F116/><W35/><G73/><T106/><D131/><U18/><E34/><V110/><F110/><W58/><G35/><T90/><D106/><U126/><E126/><V89/><F89/><W0/><G124/><T94/><D105/><U79/><E9/><V23/><F57/><W62/><G104/><T48/><D36/><U98/><E98/><V92/><F107/><W54/><G101/><T20/><REACH who="0" step="1"/><D45/><AGARI ba="0,0" hai="10,13,18,37,40,45,64,65,75,79,82" m="43561" machi="45" ten="30,2000,0" yaku="11,1,52,1" doraHai="72" who="1" fromWho="0" sc="250,-20,250,20,250,0,250,0" /><INIT seed="1,0,0,3,5,29" ten="230,270,250,250" oya="1" hai0="20,36,54,47,19,28,0,46,76,100,23,79,45" hai1="111,123,6,80,58,14,59,53,85,124,78,83,90" hai2="10,86,62,68,103,31,60,13,88,130,96,35,48" hai3="8,89,72,26,114,17,7,12,71,5,57,18,127"/><U106/><E123/><V131/><F48/><W119/><G71/><T95/><D0/><U22/><E106/><V110/><F110/><W51/><G72/><T27/><D36/><U61/><E111/><V44/><F44/><W93/><G114/><T107/><D107/><U69/><E124/><V77/><F77/><W15/><G127/><T135/><D135/><U40/><E40/><V105/><F68/><W39/><G26/><T49/><D100/><U132/><E132/><V129/><F31/><W112/><G39/><T25/><REACH who="0" step="1"/><D95/><REACH who="0" step="2"/><U113/><E113/><V2/><F2/><W32/><G112/><T24/><D24/><U37/><E37/><V16/><REACH who="2" step="1"/><F35/><REACH who="2" step="2"/><W4/><G119/><T97/><D97/><U81/><E78/><AGARI ba="0,2" hai="19,20,23,25,27,28,45,46,47,49,54,76,78,79" machi="78" ten="40,8000,1" yaku="1,1,8,1,53,3" doraHai="29" doraHaiUra="74" who="0" fromWho="1" sc="220,100,270,-80,240,0,250,0" /><INIT seed="2,0,0,3,1,83" ten="320,190,240,250" oya="2" hai0="10,40,104,11,79,9,74,115,75,17,5,39,118" hai1="27,45,53,120,59,109,126,101,7,31,52,51,80" hai2="24,108,22,121,122,124,61,117,123,3,86,107,32" hai3="26,103,99,73,76,37,77,81,44,4,87,62,129"/><V64/><F107/><W69/><G129/><T49/><D115/><U15/><E109/><V25/><F117/><W19/><G4/><T65/><D104/><U127/><E120/><V132/><F3/><W36/><G77/><T0/><D65/><U43/><E101/><V134/><F108/><W57/><G69/><T54/><D118/><U16/><E7/><V35/><F124/><N who="1" m="47657" /><E59/><V47/><F47/><W30/><G44/><N who="0" m="23583" /><D74/><U88/><E27/><V130/><F130/><W111/><G19/><T89/><D89/><U55/><E31/><N who="2" m="17815" /><F25/><W50/><G73/><T98/><D98/><U90/><E80/><V95/><F95/><W46/><G111/><T1/><D17/><U72/><E72/><V110/><F110/><W70/><G70/><T128/><D128/><U96/><E96/><V66/><F66/><W20/><G99/><T42/><D42/><U94/><E94/><V91/><F91/><W97/><G97/><T63/><D0/><U125/><N who="1" m="47665" /><U21/><AGARI ba="0,0" hai="15,16,21,43,45,51,52,53,55,88,90" m="47665" machi="21" ten="50,8000,1" yaku="4,1,18,1,54,3" doraHai="83" who="1" fromWho="1" sc="320,-20,190,80,240,-40,250,-20" /><INIT seed="3,0,0,0,3,119" ten="300,270,200,230" oya="3" hai0="114,132,118,93,1,109,47,58,55,8,32,88,35" hai1="63,79,124,133,70,15,80,12,127,0,22,51,78" hai2="121,43,24,97,57,9,76,71,30,14,17,39,72" hai3="116,6,128,110,102,38,61,11,46,105,92,84,25"/><W113/><G116/><T16/><D118/><U131/><E0/><V54/><F71/><W99/><G113/><T48/><D1/><U104/><E104/><V86/><F72/><W120/><G128/><T27/><D35/><U81/><E131/><V23/><F97/><W83/><G105/><T41/><D32/><U37/><E37/><V5/><F39/><W95/><G92/><T42/><D109/><U69/><E51/><V89/><F76/><W100/><G110/><T13/><D132/><U20/><REACH who="1" step="1"/><E133/><REACH who="1" step="2"/><V40/><F121/><W31/><G38/><T28/><D114/><U10/><E10/><V4/><F4/><W77/><G6/><T122/><D122/><U56/><E56/><V26/><F5/><W53/><G11/><T129/><D129/><U101/><E101/><V7/><F7/><W112/><G102/><T94/><D58/><U36/><E36/><V115/><F115/><W18/><G120/><T34/><D94/><U82/><E82/><V117/><F117/><W68/><G112/><T91/><D91/><U85/><E85/><AGARI ba="0,1" hai="8,13,16,27,28,34,41,42,47,48,55,85,88,93" machi="85" ten="30,3900,0" yaku="7,1,54,2" doraHai="119" who="0" fromWho="1" sc="300,49,260,-39,200,0,230,0" owari="349,45,221,-18,200,-30,230,3" /></mjloggm>