<mjloggm ver="2.3"><GO type="225"/><UN n0="%E3%81%99%E3%81%AA%E3%81%8F%E3%81%98%E3%82%89" n1="%53%50%4F%4F%4E" n2="%E8%B6%85%E4%BA%BA%EF%BC%AD" n3="%E3%83%B4%E3%83%A0%EF%BC%99%E3%81%A6" dan="16,16,16,16" rate="2086,2085,2122,2108" sx="M,M,M,M"/><TAIKYOKU oya="0"/><INIT seed="0,0,0,3,2,15" ten="250,250,250,250" oya="0" hai0="99,14,3,106,6,65,117,4,87,60,77,93,19" hai1="53,79,112,105,33,96,40,66,11,111,5,32,29" hai2="10,18,24,125,84,97,62,81,56,63,80,44,120" hai3="35,98,48,31,23,57,110,37,67,16,72,132,45"/><T92/><D117/><U54/><E40/><V22/><F120/><W83/><G37/><T8/><D6/><U90/><E79/><V41/><F125/><W20/><G35/><T47/><D47/><U91/><E112/><V102/><F10/><W134/><G110/><T131/><D131/><U114/><E114/><V94/><F84/><W51/><G98/><T128/><D128/><U34/><E111/><V82/><REACH who="2" step="1"/><F56/><REACH who="2" step="2"/><W130/><G130/><T100/><D87/><U71/><E11/><V2/><F2/><W115/><G115/><T101/><D8/><U103/><E5/><V27/><F27/><W85/><G57/><T13/><D4/><U1/><E1/><V36/><AGARI ba="0,1" hai="18,22,24,36,41,44,62,63,80,81,82,94,97,102" machi="36" ten="30,4000,0" yaku="1,1,0,1,52,1,53,0" doraHai="15" doraHaiUra="74" who="2" fromWho="2" sc="250,-20,250,-10,240,50,250,-10" /><INIT seed="1,0,0,3,3,72" ten="230,240,290,240" oya="1" hai0="134,53,97,46,93,76,20,3,92,67,129,5,40" hai1="89,110,96,42,1,77,36,30,23,28,102,17,71" hai2="25,120,11,12,75,91,59,15,37,116,0,13,9" hai3="2,14,111,7,16,101,100,61,66,60,85,125,57"/><U105/><E1/><V58/><F37/><W108/><G125/><T98/><D134/><U65/><E110/><N who="3" m="42026" /><G61/><T127/><D127/><U32/><E89/><V69/><F69/><W33/><G33/><T64/><D129/><U78/><E42/><V121/><F75/><W119/><G119/><T86/><D53/><U50/><E50/><V115/><F116/><W73/><G73/><T41/><D3/><U79/><E36/><V49/><F115/><W26/><G2/><T99/><D5/><U131/><E131/><V18/><F0/><W43/><G43/><N who="0" m="16459" /><D46/><U87/><E87/><V45/><F120/><W83/><G7/><T44/><D20/><U4/><E4/><V81/><F121/><W38/><G38/><T112/><D44/><U132/><E132/><V94/><F81/><W95/><G95/><N who="0" m="36427" /><D112/><U54/><E54/><N who="2" m="29999" /><F11/><N who="3" m="6239" /><G26/><T6/><D6/><U29/><E32/><V114/><F114/><W55/><G55/><T34/><D34/><U68/><REACH who="1" step="1"/><E65/><REACH who="1" step="2"/><N who="0" m="25161" /><D86/><U103/><E103/><V22/><F9/><W39/><G39/><T21/><D21/><U123/><E123/><V56/><F25/><AGARI ba="0,1" hai="17,23,25,28,29,30,68,71,77,78,79,96,102,105" machi="25" ten="40,12000,1" yaku="1,1,52,3,53,0" doraHai="72" doraHaiUra="10" who="1" fromWho="2" sc="230,0,230,130,290,-120,240,0" /><INIT seed="1,1,0,4,0,130" ten="230,360,170,240" oya="1" hai0="44,133,32,126,51,129,123,102,14,83,28,119,36" hai1="72,73,78,85,20,128,104,19,48,117,74,124,23" hai2="24,116,101,33,49,94,66,67,65,122,55,40,50" hai3="90,109,86,131,99,43,112,121,63,46,22,21,27"/><U93/><E117/><V120/><F33/><W100/><G121/><N who="2" m="46697" /><F24/><W97/><G112/><T61/><D129/><U98/><E128/><V71/><F94/><N who="3" m="58487" /><G131/><T96/><D126/><U69/><E124/><V88/><F88/><W58/><G97/><T114/><D36/><U39/><E104/><V91/><F91/><W70/><G70/><T106/><D114/><U16/><E85/><V68/><F101/><W4/><G4/><T47/><D123/><U6/><E6/><V132/><F116/><W37/><G37/><T15/><D61/><U18/><E78/><V107/><F107/><W80/><G109/><T135/><D47/><U108/><E108/><V42/><F132/><N who="0" m="50762" /><D119/><U5/><E39/><V115/><F115/><W57/><G63/><T11/><D83/><U56/><E69/><N who="2" m="26699" /><F55/><W35/><G35/><T26/><D11/><U64/><E64/><N who="2" m="16387" /><V52/><DORA hai="77" /><F52/><AGARI ba="1,0" hai="14,15,26,28,32,44,51,52,96,102,106" m="50762" machi="52" ten="30,8000,1" yaku="20,1,52,3,54,1" doraHai="130,77" who="0" fromWho="2" sc="230,83,360,0,170,-83,240,0" /><INIT seed="2,0,0,4,2,2" ten="313,360,87,240" oya="2" hai0="85,66,101,122,43,51,97,74,38,65,77,130,91" hai1="45,12,72,124,29,105,127,129,11,6,88,107,116" hai2="80,30,120,71,84,126,13,21,47,3,4,50,81" hai3="10,31,111,42,89,54,134,24,73,92,121,83,100"/><V15/><F120/><W94/><G121/><T79/><D122/><U70/><E116/><V8/><F71/><W32/><G42/><T108/><D38/><U59/><E70/><V49/><F126/><N who="1" m="48169" /><E72/><V39/><F39/><W78/><G134/><T113/><D113/><U96/><E129/><V57/><F81/><W131/><G131/><T19/><D108/><U48/><E59/><V63/><F30/><W17/><G111/><T82/><D130/><U123/><E29/><V34/><F34/><W86/><G100/><T95/><D19/><U55/><E123/><V16/><F3/><W104/><G104/><T52/><D43/><U76/><E76/><N who="0" m="29257" /><D74/><U64/><E64/><V20/><F20/><W98/><G54/><T22/><D22/><U75/><E75/><V132/><F47/><AGARI ba="0,0" hai="47,51,52,65,66,82,85,91,95,97,101" m="29257" machi="47" ten="30,2000,0" yaku="8,1,54,1" doraHai="2" who="0" fromWho="2" sc="313,20,360,0,87,-20,240,0" /><INIT seed="3,0,0,0,3,108" ten="333,360,67,240" oya="3" hai0="106,10,25,120,80,123,98,78,68,117,7,74,44" hai1="61,121,66,52,38,46,125,101,17,37,62,104,86" hai2="15,65,57,9,135,24,53,14,3,11,75,51,23" hai3="36,115,85,58,0,90,77,107,20,33,96,127,84"/><W92/><G36/><T18/><D117/><U26/><E121/><V35/><F75/><W79/><G33/><T102/><D68/><U42/><E125/><V19/><F65/><W60/><G0/><T110/><D110/><U63/><E52/><V32/><F135/><W91/><G107/><T124/><D124/><U81/><E38/><V87/><F87/><W43/><G43/><T93/><D44/><U71/><E101/><V13/><F57/><W56/><G127/><T89/><D18/><U109/><E109/><V97/><F97/><W99/><G115/><T76/><D76/><U130/><E104/><V27/><F53/><W39/><G39/><T122/><D25/><U128/><E17/><V69/><F51/><W40/><G40/><T103/><REACH who="0" step="1"/><D106/><REACH who="0" step="2"/><U1/><E26/><V47/><F47/><W41/><G41/><T118/><D118/><U114/><E114/><V129/><F69/><W64/><G58/><T119/><D119/><U100/><E1/><AGARI ba="0,1" hai="1,7,10,74,78,80,89,93,98,102,103,120,122,123" machi="1" ten="40,2600,0" yaku="1,1,53,1" doraHai="108" doraHaiUra="2" who="0" fromWho="1" sc="323,36,360,-26,67,0,240,0" owari="359,36,334,8,67,-33,240,-11" /></mjloggm>