<mjloggm ver="2.3"><GO type="225"/><UN n0="%E4%B8%AD%E7%94%BA%E3%81%8B%E3%81%AA" n1="%74%6F%62%69%75%6F%34%37" n2="%E8%80%83%E3%81%88%E4%B8%AD%EF%BC%88%E6%9D%B1" n3="%E7%8B%82%E5%96%9C%E4%B9%B1%E8%88%9E" dan="16,16,16,16" rate="2046,2005,2099,2055" sx="F,M,M,M"/><TAIKYOKU oya="0"/><INIT seed="0,0,0,5,2,114" ten="250,250,250,250" oya="0" hai0="101,6,0,16,73,1,48,36,105,52,113,96,35" hai1="65,99,124,76,54,50,33,28,91,49,115,103,21" hai2="82,123,98,135,39,87,31,51,128,97,122,92,45" hai3="85,125,104,58,131,84,106,14,26,27,3,17,100"/><T11/><D113/><U34/><E124/><V59/><F128/><W78/><G131/><T109/><D36/><U72/><E115/><V118/><F135/><W74/><G3/><T71/><D71/><U20/><E65/><V12/><F31/><W41/><G125/><T22/><D35/><U83/><E34/><V46/><F59/><W37/><G74/><T89/><D109/><U5/><E5/><V9/><F39/><W44/><G84/><T38/><D38/><U2/><E2/><V132/><F132/><W112/><G112/><T75/><D89/><U81/><E33/><V23/><F23/><W77/><G77/><T56/><REACH who="0" step="1"/><D0/><REACH who="0" step="2"/><U108/><E91/><N who="2" m="51703" /><F122/><W90/><G90/><T57/><D57/><U43/><E108/><V18/><F123/><W102/><G58/><T55/><D55/><U8/><E54/><V62/><F45/><W79/><G44/><T80/><D80/><U61/><E81/><V64/><F64/><W126/><G37/><T120/><D120/><U42/><E83/><V25/><F46/><W134/><G134/><T10/><D10/><U60/><E8/><V70/><F70/><W30/><G126/><T24/><AGARI ba="0,1" hai="1,6,11,16,22,24,48,52,56,73,75,96,101,105" machi="24" ten="20,18000,2" yaku="1,1,0,1,7,1,54,2,53,1" doraHai="114" doraHaiUra="13" who="0" fromWho="0" sc="240,190,250,-60,250,-60,250,-60" /><INIT seed="0,1,0,5,0,132" ten="430,190,190,190" oya="0" hai0="105,63,18,82,11,92,95,44,118,2,56,51,17" hai1="62,103,104,97,41,14,22,85,57,111,42,129,10" hai2="7,130,86,109,64,23,120,29,58,87,40,19,108" hai3="127,98,20,135,115,49,78,5,68,24,123,3,79"/><T101/><D118/><U66/><E129/><V60/><F120/><W50/><G115/><T15/><D2/><U88/><E111/><N who="2" m="42571" /><F130/><W74/><G68/><T93/><D82/><U39/><E22/><V59/><F7/><W121/><G135/><T47/><D105/><U89/><E39/><V33/><F40/><W46/><G98/><T21/><D51/><U32/><E32/><V80/><F33/><W9/><G50/><T134/><D101/><U53/><E66/><V119/><F29/><W28/><G74/><T76/><D76/><U112/><E112/><V43/><F43/><W102/><G102/><T131/><D131/><U113/><E113/><V30/><F30/><W48/><G48/><T54/><D134/><U128/><E128/><V69/><F119/><W0/><G0/><T99/><D99/><U52/><E53/><V12/><F86/><W91/><G78/><AGARI ba="1,0" hai="12,19,23,58,59,60,64,69,78,80,87" m="42571" machi="78" ten="30,1000,0" yaku="14,1" doraHai="132" who="2" fromWho="3" sc="430,0,190,0,190,13,190,-13" /><INIT seed="1,0,0,3,2,66" ten="430,190,203,177" oya="1" hai0="115,23,24,132,73,64,59,74,127,96,61,109,33" hai1="113,76,0,101,29,118,128,77,47,14,95,103,107" hai2="20,135,65,116,52,85,35,82,86,126,70,105,44" hai3="91,72,68,18,25,3,19,130,41,112,119,83,28"/><U94/><E0/><V30/><F105/><W81/><G3/><T34/><D115/><U54/><E118/><V1/><F116/><W63/><G112/><T5/><D127/><U7/><E113/><V124/><F1/><W58/><G119/><T43/><D5/><U16/><E128/><V39/><F35/><W60/><G41/><T102/><D43/><U123/><E123/><V80/><F39/><W22/><G130/><T106/><D33/><U108/><E7/><V110/><F135/><W78/><G63/><T13/><D13/><U100/><E29/><V92/><F92/><N who="1" m="35369" /><E107/><V56/><F44/><W69/><G19/><T71/><D59/><U90/><E90/><V21/><F30/><W32/><G91/><T10/><D10/><N who="1" m="6231" /><E108/><V26/><F110/><W27/><G83/><T93/><D109/><U129/><E129/><V37/><F37/><W6/><G6/><T75/><D106/><U133/><E133/><V15/><F15/><W134/><G134/><T97/><D132/><U114/><E114/><V2/><F2/><W131/><G131/><T42/><D34/><U53/><E47/><V51/><F26/><W117/><G117/><T36/><D97/><U17/><E17/><V12/><F12/><W120/><G120/><T79/><D75/><U49/><E49/><V98/><F124/><W40/><G40/><T46/><D74/><U67/><E67/><AGARI ba="0,0" hai="18,22,25,27,28,32,58,60,67,68,69,72,78,81" machi="67" ten="30,3900,0" yaku="7,1,52,2" doraHai="66" who="3" fromWho="1" sc="430,0,190,-39,203,0,177,39" /><INIT seed="2,0,0,5,5,103" ten="430,151,203,216" oya="2" hai0="87,19,15,84,5,23,25,53,131,108,3,113,63" hai1="61,44,7,125,29,120,100,18,96,126,56,12,89" hai2="38,58,57,62,37,72,17,85,127,92,98,121,66" hai3="43,88,119,36,135,60,50,48,68,31,30,6,65"/><V90/><F72/><W32/><G119/><T46/><D108/><U26/><E120/><V41/><F121/><W94/><G135/><T82/><D131/><U114/><E114/><V111/><F111/><W9/><G36/><T80/><D113/><U1/><E44/><V107/><F127/><W91/><G91/><T67/><D3/><U115/><E115/><V104/><F58/><W105/><G105/><T83/><D67/><U24/><E89/><V8/><F38/><W51/><G43/><T42/><D42/><U130/><E130/><V0/><F85/><W22/><G22/><N who="0" m="11647" /><D5/><U35/><E26/><V81/><F81/><W71/><G68/><T54/><D63/><U75/><E75/><V14/><REACH who="2" step="1"/><F0/><REACH who="2" step="2"/><W10/><G32/><T49/><D87/><U123/><E123/><V86/><F86/><W97/><REACH who="3" step="1"/><G10/><REACH who="3" step="2"/><T112/><D112/><U116/><E126/><V134/><F134/><W45/><G45/><AGARI ba="0,2" hai="8,14,17,37,41,45,57,62,66,90,92,98,104,107" machi="45" ten="40,7700,0" yaku="1,1,52,2,53,0" doraHai="103" doraHaiUra="129" who="2" fromWho="3" sc="430,0,151,0,193,97,206,-77" /><INIT seed="2,1,0,1,4,75" ten="430,151,290,129" oya="2" hai0="27,70,58,109,95,5,8,29,123,53,32,44,134" hai1="61,49,6,133,78,100,20,68,56,88,103,34,107" hai2="90,35,37,19,9,99,48,129,65,106,83,72,36" hai3="2,69,124,67,66,79,62,13,12,30,77,85,94"/><V41/><F35/><W121/><G2/><T60/><D123/><U11/><E34/><V59/><F129/><W117/><G117/><T81/><D109/><U102/><E107/><V28/><F28/><W1/><G1/><T73/><D134/><U10/><E68/><V23/><F9/><W82/><G121/><T132/><D132/><U105/><E105/><V74/><F37/><W26/><G124/><T122/><D122/><U89/><E133/><V38/><F72/><W104/><G104/><T25/><D25/><U93/><E49/><V42/><F38/><W3/><G3/><T33/><D70/><U86/><E20/><V126/><F36/><W84/><G67/><T22/><D44/><U96/><E78/><N who="2" m="44503" /><F65/><W80/><G94/><T24/><D24/><U63/><E6/><V127/><F59/><W43/><G43/><T98/><D8/><U17/><E17/><V116/><F48/><W113/><G113/><T54/><D5/><U108/><E108/><V92/><F116/><W39/><G39/><T97/><D53/><N who="1" m="33935" /><E63/><V15/><F106/><W4/><G4/><T112/><D112/><U119/><E119/><V52/><F52/><W64/><G66/><T91/><D33/><AGARI ba="1,0" hai="12,13,26,30,33,62,64,69,77,79,80,82,84,85" machi="33" ten="30,7700,0" yaku="7,1,9,1,52,2" doraHai="75" who="3" fromWho="0" sc="430,-80,151,0,290,0,129,80" /><INIT seed="3,0,0,3,1,119" ten="350,151,290,209" oya="3" hai0="104,57,133,37,69,82,10,18,8,51,44,98,14" hai1="42,103,58,31,16,85,125,96,78,11,71,27,88" hai2="79,73,68,109,13,38,89,76,47,54,112,41,22" hai3="9,132,1,12,121,15,28,29,50,102,67,120,23"/><W59/><G102/><T84/><D69/><U0/><E71/><V124/><F112/><W35/><G67/><T117/><D117/><U3/><E125/><V52/><F68/><W100/><G100/><T74/><D74/><U77/><E42/><V36/><F36/><W128/><G50/><T108/><D108/><U45/><E45/><V105/><F105/><W19/><G59/><T80/><D133/><U20/><E58/><V70/><F70/><W56/><G56/><T91/><D104/><U135/><E135/><V81/><F109/><W24/><G132/><T99/><D37/><U130/><E130/><V5/><F124/><W87/><G87/><N who="0" m="50663" /><D57/><U127/><E127/><V75/><F89/><W131/><G1/><T129/><D8/><U55/><E55/><V21/><F21/><W114/><G114/><T33/><D33/><U92/><E0/><V126/><F126/><W107/><G29/><T101/><D129/><N who="3" m="49737" /><G107/><T32/><D32/><U43/><E43/><V64/><F76/><W115/><G115/><T122/><D101/><U25/><E3/><V116/><F116/><W61/><G61/><T6/><D99/><U48/><E48/><V110/><F110/><W7/><AGARI ba="0,0" hai="7,9,12,15,19,23,24,28,35,120,121" m="49737" machi="7" ten="30,12000,1" yaku="19,1,34,2,52,2" doraHai="119" who="3" fromWho="3" sc="350,-40,151,-40,290,-40,209,120" owari="310,11,111,-39,250,-15,329,43" /></mjloggm>