<mjloggm ver="2.3"><GO type="225"/><UN n0="%E5%94%90%E6%8F%9A%E5%A4%A7%E5%A5%BD%E3%81%8D" n1="%E3%81%84%E3%81%A1%E3%81%94%E3%83%9D%E3%83%83%E3%82%AD%E3%83%BC" n2="%E3%81%B3%E3%82%8A%E3%81%B3%E3%82%8A%E2%98%86%E3%83%93%E3%83%AA%E3%83%BC" n3="%E7%9C%9F%E9%BE%8D%E2%80%A6" dan="16,17,16,17" rate="2059,2163,2167,2114" sx="M,F,M,F"/><TAIKYOKU oya="0"/><INIT seed="0,0,0,1,2,10" ten="250,250,250,250" oya="0" hai0="119,50,45,135,2,4,128,72,44,36,32,48,63" hai1="102,116,65,81,52,130,82,108,103,46,39,78,80" hai2="121,79,7,67,125,100,41,61,66,56,57,29,118" hai3="19,74,33,0,95,117,129,87,43,62,126,94,91"/><T18/><D72/><U51/><E116/><V42/><F121/><W49/><G117/><T9/><D32/><U73/><E108/><V20/><F118/><W25/><G74/><T17/><D119/><U111/><E111/><V23/><F125/><W27/><G0/><T99/><D36/><U55/><E130/><V122/><F122/><W64/><G126/><T37/><D37/><U75/><E65/><V84/><F7/><W96/><G129/><T24/><D128/><U3/><E3/><V132/><F100/><W59/><G33/><T14/><D135/><U1/><E1/><V68/><F68/><W34/><G34/><T112/><D112/><U12/><E39/><V5/><F5/><W38/><G38/><T85/><D99/><U28/><E28/><V97/><F29/><W131/><G131/><T93/><D63/><U110/><E110/><V107/><F97/><W134/><G134/><T83/><D93/><U8/><E55/><V104/><F61/><W22/><G49/><N who="0" m="19051" /><D2/><U11/><E81/><V105/><F132/><W120/><G43/><T30/><D30/><U89/><E80/><V101/><F42/><W98/><G96/><T92/><D92/><U127/><E127/><V69/><F41/><W21/><G120/><T113/><D113/><U35/><E35/><V54/><F69/><W26/><REACH who="3" step="1"/><G21/><REACH who="3" step="2"/><N who="0" m="13367" /><D4/><U58/><E75/><V53/><F105/><W76/><G76/><AGARI ba="0,1" hai="9,14,17,44,45,76,83,85" m="13367,19051" machi="76" ten="30,2900,0" yaku="8,1,52,1" doraHai="10" who="0" fromWho="3" sc="250,39,250,0,250,0,240,-29" /><INIT seed="0,1,0,0,2,75" ten="289,250,250,211" oya="0" hai0="27,33,6,102,81,91,128,94,132,78,101,58,40" hai1="105,62,112,99,48,0,70,85,57,22,14,92,86" hai2="135,50,30,121,96,113,43,104,98,114,71,109,73" hai3="123,56,37,100,44,51,76,111,41,67,66,82,16"/><T131/><D6/><U35/><E35/><V5/><F73/><W7/><G111/><T117/><D117/><U74/><E74/><V120/><F71/><W119/><G119/><T45/><D58/><U95/><E0/><V68/><F68/><W20/><G123/><T28/><D132/><U127/><E127/><V8/><F135/><W49/><G100/><T125/><D125/><U18/><E112/><V31/><F109/><W84/><G7/><T124/><D124/><U12/><E105/><V3/><F5/><W19/><G19/><T89/><D102/><U21/><E48/><V106/><F50/><W9/><G9/><T72/><D101/><U60/><E70/><V126/><F126/><W90/><G90/><T88/><REACH who="0" step="1"/><D94/><REACH who="0" step="2"/><U115/><E115/><V11/><F3/><W29/><G56/><T46/><D46/><U10/><E57/><V77/><F43/><W97/><G44/><T69/><D69/><U80/><E92/><V42/><F42/><W2/><G41/><T83/><D83/><U108/><E80/><V53/><F53/><W133/><G82/><T134/><D134/><U4/><E108/><V32/><F106/><W61/><G133/><T110/><D110/><U17/><E4/><V118/><F104/><W63/><G2/><T25/><D25/><U103/><E10/><V1/><F118/><W107/><G107/><T87/><D87/><AGARI ba="1,1" hai="12,14,17,18,21,22,60,62,85,86,87,95,99,103" machi="87" ten="40,2600,0" yaku="9,1,8,1" doraHai="75" who="1" fromWho="0" sc="279,-29,250,39,250,0,211,0" /><INIT seed="1,0,0,3,1,98" ten="250,289,250,211" oya="1" hai0="95,3,132,106,90,51,111,23,35,133,75,15,126" hai1="26,120,110,87,61,43,125,47,7,101,40,6,86" hai2="59,17,64,119,103,36,58,77,31,93,45,123,82" hai3="68,81,2,20,48,52,42,109,0,135,8,65,72"/><U121/><E125/><V96/><F119/><W44/><G109/><T94/><D35/><U37/><E110/><V100/><F123/><W118/><G135/><N who="0" m="51787" /><D111/><U73/><E73/><V69/><F69/><W92/><G118/><T9/><D75/><U49/><E61/><V97/><F31/><W116/><G116/><T74/><D74/><U24/><E49/><V124/><F124/><W91/><G20/><T84/><D126/><U66/><E66/><V56/><F36/><W115/><G115/><T117/><D117/><U107/><E107/><V114/><F45/><W50/><G8/><T62/><D106/><U80/><E47/><V105/><F17/><W99/><G65/><T18/><D62/><U129/><E80/><V5/><F5/><W71/><G68/><T112/><D112/><U134/><E134/><V53/><F64/><W19/><G19/><N who="0" m="8687" /><D3/><U25/><E37/><V83/><F114/><W32/><G32/><T11/><D11/><U54/><E121/><V30/><F30/><W16/><G16/><T67/><D67/><U28/><E28/><V29/><F29/><W63/><G63/><T78/><D78/><U70/><E70/><V39/><F77/><W88/><G71/><T38/><D38/><U104/><E7/><V102/><F39/><W85/><G72/><T4/><D4/><U14/><E6/><V60/><F60/><W128/><G128/><T130/><D130/><U13/><E129/><V41/><F105/><W57/><AGARI ba="0,0" hai="0,2,42,44,48,50,52,57,81,85,88,91,92,99" machi="57" ten="20,5200,0" yaku="0,1,7,1,54,2" doraHai="98" who="3" fromWho="3" sc="250,-13,289,-26,250,-13,211,52" /><INIT seed="2,0,0,5,1,14" ten="237,263,237,263" oya="2" hai0="55,53,92,0,46,50,117,17,7,9,100,11,2" hai1="76,32,80,42,104,23,65,67,63,6,61,10,69" hai2="20,114,8,125,52,45,13,15,16,102,110,82,88" hai3="18,128,19,75,5,49,33,120,12,64,51,84,79"/><V90/><F114/><W96/><G75/><T95/><D117/><U97/><E32/><V41/><F125/><W133/><G33/><T3/><D55/><U48/><E104/><V37/><F110/><W87/><G120/><T22/><D100/><U109/><E97/><V40/><F102/><W85/><G133/><T108/><D108/><U56/><E23/><V43/><F37/><W119/><G128/><T71/><D71/><U123/><E123/><V68/><F68/><W101/><G119/><T31/><D31/><U118/><E118/><V38/><F38/><W62/><G79/><T70/><D70/><U21/><E21/><V127/><F127/><W122/><G122/><T29/><D29/><U47/><E109/><V28/><F82/><W44/><G5/><T57/><D46/><U124/><E124/><V86/><F86/><W116/><G12/><T77/><D77/><U93/><E93/><V111/><F111/><W74/><G74/><T132/><D132/><U78/><REACH who="1" step="1"/><E80/><REACH who="1" step="2"/><V126/><F126/><W103/><G116/><T131/><D131/><U83/><E83/><V112/><F112/><W99/><G103/><T24/><D92/><U25/><E25/><N who="2" m="16423" /><F13/><AGARI ba="0,1" hai="6,10,13,42,47,48,56,61,63,65,67,69,76,78" machi="13" ten="30,3900,0" yaku="1,1,7,1,53,1" doraHai="14" doraHaiUra="54" who="1" fromWho="2" sc="237,0,253,49,237,-39,263,0" /><INIT seed="3,0,0,2,0,73" ten="237,302,198,263" oya="3" hai0="115,90,37,97,125,130,29,58,9,105,86,98,33" hai1="74,110,82,123,104,5,100,51,22,87,83,6,92" hai2="114,116,71,62,32,24,48,68,45,3,112,126,111" hai3="67,113,25,85,78,61,1,47,70,35,76,0,120"/><W96/><G120/><T132/><D37/><U11/><E123/><V13/><F3/><W28/><G113/><T108/><D115/><U88/><E110/><V49/><F116/><W15/><G47/><T99/><D108/><U65/><E65/><V21/><F111/><W7/><G85/><T102/><D125/><U131/><E131/><V80/><F126/><W60/><G60/><T16/><D130/><U50/><E22/><V8/><F32/><W81/><G81/><T109/><D109/><U127/><E127/><V103/><F71/><W12/><G12/><T19/><D132/><U38/><E38/><V44/><F103/><W40/><G40/><T63/><D29/><U54/><E54/><N who="2" m="29959" /><F68/><W20/><G96/><T46/><D33/><U34/><E34/><V36/><F36/><W56/><G70/><T2/><D46/><U72/><E72/><V18/><F62/><W75/><G75/><T64/><D98/><N who="1" m="61463" /><E83/><V69/><F69/><W27/><G27/><T91/><D99/><U14/><E6/><N who="2" m="3223" /><F80/><W30/><G30/><T43/><D43/><U117/><E117/><V129/><F129/><W89/><G89/><T124/><D124/><U26/><E26/><V101/><F101/><W106/><G106/><T57/><D91/><U93/><E93/><V10/><F10/><N who="3" m="2415" /><G0/><T118/><D118/><U53/><E53/><N who="2" m="29871" /><F114/><W23/><G23/><T42/><D42/><U17/><E5/><V31/><F112/><W79/><G35/><T133/><D2/><U134/><E134/><V122/><F122/><W39/><G39/><T121/><D121/><U4/><E4/><RYUUKYOKU ba="0,0" sc="237,-30,302,10,198,10,263,10" hai1="11,14,17,50,51,74,82,87,88,92" hai2="18,21,24,31" hai3="15,20,25,28,56,61,67,76,78,79" /><INIT seed="3,1,0,2,1,116" ten="207,312,208,273" oya="3" hai0="80,67,118,127,98,18,28,19,120,84,69,126,92" hai1="95,86,119,23,12,3,73,134,17,36,101,49,70" hai2="89,64,8,37,41,104,55,5,131,100,122,133,79" hai3="71,90,24,108,78,15,103,40,56,96,9,75,43"/><W107/><G71/><T16/><D118/><U34/><E119/><V52/><F131/><W25/><G108/><T22/><D69/><U65/><E36/><V113/><F113/><W128/><G128/><T1/><D1/><U0/><E73/><V81/><F89/><W74/><G74/><T33/><D67/><U129/><E34/><V53/><F64/><W44/><G43/><T14/><D33/><U7/><E129/><V87/><F122/><W21/><G56/><T76/><D120/><U47/><E134/><V121/><F121/><W35/><G35/><T60/><D60/><U110/><E110/><V48/><F37/><W39/><G90/><N who="0" m="55575" /><D28/><U130/><E130/><V45/><F133/><W83/><G21/><T50/><D50/><U42/><E7/><AGARI ba="1,0" hai="7,9,15,24,25,39,40,44,75,78,83,96,103,107" machi="7" ten="30,1500,0" yaku="7,1" doraHai="116" who="3" fromWho="1" sc="207,0,312,-18,208,0,273,18" /><INIT seed="3,2,0,1,0,17" ten="207,294,208,291" oya="3" hai0="16,18,47,42,35,19,69,108,53,86,83,82,0" hai1="70,43,63,24,128,99,57,52,28,90,77,32,12" hai2="126,21,109,7,84,80,94,14,129,45,48,61,135" hai3="15,65,124,30,74,76,100,31,51,121,41,131,5"/><W97/><G121/><T133/><D0/><U107/><E77/><N who="2" m="46095" /><F109/><W54/><G124/><T13/><D35/><U119/><E128/><V114/><F135/><W60/><G131/><T123/><D69/><U58/><E119/><V55/><F114/><W118/><G118/><T105/><D105/><U78/><E78/><V71/><F71/><W110/><G110/><T1/><D1/><U56/><E43/><V102/><F126/><W25/><G74/><T26/><D123/><U62/><E12/><V11/><F61/><W2/><G2/><T73/><D108/><U96/><E96/><N who="2" m="59671" /><F129/><W106/><G76/><N who="0" m="46439" /><D73/><U10/><E10/><V67/><F67/><W113/><G113/><T9/><D133/><U95/><REACH who="1" step="1"/><E107/><REACH who="1" step="2"/><V115/><F115/><W103/><G41/><T134/><D42/><U125/><E125/><V132/><F132/><W64/><G103/><T81/><D134/><U49/><E49/><V130/><F130/><W89/><G89/><T117/><D117/><U98/><E98/><V116/><F116/><W88/><G88/><T44/><D26/><U40/><E40/><V23/><AGARI ba="2,1" hai="7,11,14,21,23,45,48,55" m="59671,46095" machi="23" ten="30,4000,0" yaku="8,1,52,2" doraHai="17" who="2" fromWho="2" sc="207,-12,284,-12,208,56,291,-22" /><INIT seed="4,0,0,5,2,46" ten="195,272,264,269" oya="0" hai0="110,104,77,91,56,33,135,134,22,125,53,128,94" hai1="119,75,52,111,24,85,113,76,87,79,129,118,74" hai2="25,17,65,106,123,44,36,82,100,124,81,92,7" hai3="20,51,1,114,80,122,120,47,37,39,48,8,38"/><T93/><D33/><U90/><E111/><V10/><F124/><W86/><G114/><T107/><D125/><U2/><E2/><V28/><F106/><N who="0" m="40490" /><D22/><U9/><E9/><V26/><F17/><W131/><G131/><T70/><D70/><U67/><E67/><V112/><F112/><W27/><G1/><T72/><D56/><U73/><E113/><V84/><F65/><W96/><G96/><N who="0" m="57407" /><D53/><U99/><E24/><V55/><F36/><W121/><G47/><T40/><D40/><U78/><E52/><V58/><F44/><W18/><G8/><T71/><D71/><U45/><E45/><V29/><F123/><W19/><G19/><T132/><D128/><U0/><E0/><V54/><F54/><W3/><G3/><T64/><D64/><U4/><E4/><V41/><F41/><W5/><G5/><T35/><D35/><U16/><E16/><V11/><F29/><W66/><G66/><T115/><D115/><U42/><E42/><V109/><F28/><W61/><G61/><T6/><D6/><U88/><E129/><V32/><F32/><W108/><G108/><T13/><D13/><U15/><E15/><V117/><F109/><W102/><G102/><T60/><D60/><U127/><E127/><V95/><F100/><W12/><G12/><T31/><D110/><U126/><E126/><V49/><F11/><W14/><G14/><T34/><D31/><U130/><E130/><V101/><F10/><W43/><G43/><T57/><D34/><U30/><E30/><V68/><F7/><W23/><G23/><T103/><D135/><RYUUKYOKU ba="0,0" sc="195,-10,272,-10,264,-10,269,30" hai3="18,20,27,37,38,39,48,51,80,86,120,121,122" /><INIT seed="5,1,0,3,5,76" ten="185,262,254,299" oya="1" hai0="80,28,133,61,39,52,41,91,113,7,71,103,68" hai1="59,132,105,107,92,121,53,122,119,101,45,130,34" hai2="102,124,118,115,69,86,89,42,29,82,38,67,10" hai3="33,64,83,37,35,120,23,114,49,96,123,85,93"/><U14/><E119/><V116/><F124/><W5/><G37/><T36/><D133/><U17/><E34/><V40/><F116/><W97/><G5/><T63/><D113/><U21/><E132/><V32/><F118/><W22/><G64/><T62/><D7/><U75/><E75/><V13/><F38/><N who="0" m="14378" /><D28/><U125/><E125/><V87/><F102/><W94/><G114/><T129/><D91/><U0/><E0/><V50/><F67/><W65/><G65/><T72/><D103/><U51/><E130/><V26/><F69/><N who="0" m="26698" /><D80/><U112/><E112/><V81/><F50/><W131/><G131/><T66/><D72/><U43/><E105/><V109/><F115/><W104/><G104/><T74/><D74/><U31/><E31/><V135/><F135/><W108/><G83/><T88/><D88/><U9/><E9/><V11/><F10/><W54/><G85/><T2/><D2/><U16/><E17/><V126/><F126/><W56/><G33/><T48/><D129/><U30/><E30/><V79/><F109/><W12/><G108/><T55/><D66/><U44/><E107/><V77/><F89/><W27/><G35/><T19/><D19/><AGARI ba="1,0" hai="11,13,19,26,29,32,40,42,77,79,81,82,86,87" machi="19" ten="30,7700,0" yaku="7,1,9,1,52,2" doraHai="76" who="2" fromWho="0" sc="185,-80,262,0,254,80,299,0" owari="105,-39,262,-14,334,43,299,10" /></mjloggm>