<mjloggm ver="2.3"><GO type="225"/><UN n0="%E3%83%9E%E3%83%84%E3%82%B6%E3%82%AD" n1="%E3%81%B3%E3%82%8A%E3%81%B3%E3%82%8A%E2%98%86%E3%83%93%E3%83%AA%E3%83%BC" n2="%E3%82%AA%E3%82%AB%E3%83%AB%EF%BD%94" n3="%E8%80%83%E3%81%88%E4%B8%AD%EF%BC%88%E6%9D%B1" dan="16,16,16,16" rate="2061,2150,2090,2103" sx="M,M,M,M"/><TAIKYOKU oya="0"/><INIT seed="0,0,0,4,2,5" ten="250,250,250,250" oya="0" hai0="85,55,118,69,60,81,92,22,58,40,66,83,102" hai1="59,36,6,72,94,11,99,65,134,49,131,0,88" hai2="90,18,1,10,111,116,9,100,53,117,126,123,107" hai3="125,4,37,51,130,17,45,122,12,2,20,106,113"/><T121/><D121/><U104/><E36/><V119/><F123/><W25/><G122/><T31/><D118/><U57/><E72/><V50/><F111/><W21/><G106/><T96/><D40/><U56/><E131/><V80/><F126/><W32/><G37/><T124/><D124/><U28/><E134/><V84/><F1/><W54/><G125/><T68/><D55/><U133/><E133/><V62/><F62/><W110/><G113/><T82/><D85/><U129/><E129/><V115/><F115/><W132/><G132/><T95/><REACH who="0" step="1"/><D92/><REACH who="0" step="2"/><U33/><E104/><V112/><F112/><W74/><G130/><T42/><D42/><U93/><E94/><V15/><F107/><W67/><G74/><T61/><D61/><U97/><E99/><V63/><F63/><W86/><G86/><T16/><D16/><U70/><E28/><V26/><F100/><W78/><G110/><T34/><D34/><U19/><E33/><V98/><F98/><W128/><G128/><T44/><D44/><U13/><E19/><V73/><F73/><W105/><G105/><T27/><AGARI ba="0,1" hai="22,27,31,58,60,66,68,69,81,82,83,95,96,102" machi="27" ten="30,11700,0" yaku="1,1,0,1,25,2,53,0" doraHai="5" doraHaiUra="101" who="0" fromWho="0" sc="240,127,250,-39,250,-39,250,-39" /><INIT seed="0,1,0,5,0,5" ten="367,211,211,211" oya="0" hai0="11,10,132,81,36,24,30,12,96,38,50,65,88" hai1="43,32,52,37,48,87,69,61,126,103,2,67,7" hai2="106,90,25,129,1,3,29,56,84,71,104,116,119" hai3="120,113,92,118,130,100,42,64,63,39,68,14,110"/><T83/><D132/><U41/><E32/><V47/><F71/><W114/><G118/><N who="2" m="45097" /><F129/><W62/><G120/><T51/><D36/><U13/><E2/><N who="2" m="523" /><F56/><W53/><G130/><T93/><D38/><U0/><E0/><V49/><F84/><W66/><G110/><T73/><D65/><U70/><E69/><V16/><F90/><W6/><G53/><T85/><D73/><U102/><E87/><V128/><F128/><W94/><G39/><T107/><D107/><U135/><E135/><V44/><F44/><W97/><G42/><T133/><D133/><U15/><E43/><N who="2" m="24831" /><F16/><W57/><REACH who="3" step="1"/><G92/><REACH who="3" step="2"/><T95/><D95/><U18/><E41/><V77/><F77/><W72/><G72/><T21/><D81/><U76/><E37/><V79/><F79/><W59/><G59/><T17/><D10/><AGARI ba="1,1" hai="6,10,14,57,62,63,64,66,68,94,97,100,113,114" machi="10" ten="40,8000,1" yaku="1,1,52,1,53,2" doraHai="5" doraHaiUra="108" who="3" fromWho="0" sc="367,-83,211,0,211,0,201,93" /><INIT seed="1,0,0,1,4,51" ten="284,211,211,294" oya="1" hai0="25,16,83,94,92,60,127,11,18,126,93,120,110" hai1="58,99,98,35,45,118,67,117,68,102,90,8,36" hai2="129,106,39,48,105,63,75,5,43,55,12,101,4" hai3="34,131,47,74,119,30,104,124,123,31,1,91,32"/><U109/><E35/><V84/><F75/><W133/><RYUUKYOKU type="yao9" ba="0,0" sc="284,0,211,0,211,0,294,0" hai3="1,30,31,32,34,47,74,91,104,119,123,124,131,133" /><INIT seed="1,1,0,3,4,84" ten="284,211,211,294" oya="1" hai0="126,67,80,12,47,27,65,61,36,97,107,50,132" hai1="6,121,111,124,110,92,122,91,14,95,77,7,113" hai2="109,105,70,131,125,13,9,19,39,100,16,123,52" hai3="135,30,96,15,43,101,94,55,73,24,108,54,71"/><U68/><E68/><V90/><F123/><N who="1" m="47113" /><E113/><V4/><F70/><W72/><G71/><T20/><D126/><U8/><E124/><V116/><F39/><W44/><G135/><T103/><D132/><U0/><E77/><V118/><F125/><W33/><G108/><N who="1" m="41514" /><E95/><V17/><F131/><W83/><G15/><T87/><D61/><U48/><E48/><V25/><F109/><W88/><G73/><T37/><D12/><U99/><E0/><V106/><F106/><W130/><G130/><T31/><D37/><U29/><E29/><V112/><F112/><W79/><REACH who="3" step="1"/><G101/><REACH who="3" step="2"/><T85/><D103/><U120/><E120/><V41/><F100/><W102/><G102/><T3/><D3/><U134/><E134/><V127/><F105/><W64/><G64/><T75/><D75/><U11/><E11/><V2/><F2/><W28/><G28/><T89/><D107/><U1/><E1/><V58/><F127/><W32/><G32/><T35/><D35/><U56/><E7/><V59/><F118/><W57/><G57/><AGARI ba="1,1" hai="6,8,14,56,57,91,92,99" m="41514,47113" machi="57" ten="30,5800,0" yaku="14,1,10,1,52,1" doraHai="84" who="1" fromWho="3" sc="284,0,211,71,211,0,284,-61" /><INIT seed="1,2,0,3,1,84" ten="284,282,211,223" oya="1" hai0="64,128,74,107,129,7,70,121,30,88,0,125,6" hai1="67,57,116,41,23,61,48,10,60,29,47,101,52" hai2="51,35,71,9,14,130,100,87,50,118,76,111,20" hai3="80,68,85,72,58,16,54,49,37,77,1,5,36"/><U59/><E116/><V109/><F71/><W4/><G68/><T105/><D125/><U69/><E101/><V124/><F118/><W114/><G114/><T93/><D74/><U62/><E10/><V86/><F35/><W92/><G1/><T81/><D121/><U56/><E29/><V135/><F124/><W21/><G37/><T94/><D81/><U122/><E122/><V3/><F3/><W27/><G36/><T98/><D30/><U126/><E23/><V17/><F100/><W43/><G43/><T42/><D42/><U99/><E99/><V95/><F135/><W66/><G66/><T120/><D120/><U83/><E83/><N who="2" m="47463" /><F130/><N who="0" m="50282" /><D0/><U2/><E2/><V96/><F87/><W22/><G21/><T15/><D94/><U104/><E104/><N who="0" m="40009" /><D15/><U132/><E132/><V44/><F44/><W89/><AGARI ba="2,0" hai="4,5,16,22,27,49,54,58,72,77,80,85,89,92" machi="89" ten="30,4000,0" yaku="0,1,52,1,54,1" doraHai="84" who="3" fromWho="3" sc="284,-12,282,-22,211,-12,223,46" /><INIT seed="2,0,0,3,2,87" ten="272,260,199,269" oya="2" hai0="129,115,12,93,29,103,35,123,7,34,96,86,22" hai1="130,50,15,122,111,119,24,13,106,107,133,14,45" hai2="33,78,25,88,71,90,39,52,112,91,131,20,48" hai3="17,85,26,47,116,79,2,8,125,95,64,108,1"/><V69/><F33/><W74/><G116/><T118/><D115/><U58/><E119/><V40/><F112/><W31/><G74/><T94/><D118/><U63/><E111/><V66/><F131/><W128/><G128/><T23/><D123/><U81/><E130/><V120/><F120/><W121/><G121/><T3/><D3/><U77/><E24/><V37/><F78/><W62/><G47/><T104/><D129/><U76/><E77/><V18/><F40/><W105/><G105/><T100/><D104/><U114/><E114/><V42/><F42/><W21/><G108/><T44/><D44/><U117/><E117/><V134/><F134/><W41/><G41/><T9/><D23/><U80/><E133/><V110/><F110/><W84/><G84/><T56/><D56/><U82/><E76/><V127/><F127/><W5/><G125/><T46/><D46/><U97/><E97/><V102/><F102/><W92/><G2/><T89/><REACH who="0" step="1"/><D103/><REACH who="0" step="2"/><U55/><REACH who="1" step="1"/><E122/><REACH who="1" step="2"/><V4/><F4/><W27/><G5/><T135/><D135/><U30/><E30/><V83/><F83/><W53/><G31/><T124/><D124/><U43/><AGARI ba="0,2" hai="13,14,15,43,45,50,55,58,63,80,81,82,106,107" machi="43" ten="30,8000,1" yaku="1,1,0,1,53,3" doraHai="87" doraHaiUra="10" who="1" fromWho="1" sc="262,-20,250,100,199,-40,269,-20" /><INIT seed="3,0,0,1,4,109" ten="242,350,159,249" oya="3" hai0="12,94,9,106,130,131,27,111,29,63,99,103,67" hai1="18,135,70,134,118,55,25,62,44,112,48,73,58" hai2="32,95,17,42,3,97,72,24,13,65,75,23,10" hai3="37,85,52,21,93,104,11,122,38,35,133,83,61"/><W117/><G35/><T28/><D111/><U90/><E112/><V46/><F65/><W43/><G122/><T41/><D41/><U107/><E73/><V77/><F77/><W59/><G104/><T33/><D29/><U45/><E107/><V39/><F32/><W100/><G117/><T89/><D89/><U4/><E4/><V54/><F3/><W19/><G133/><N who="1" m="50698" /><E118/><V20/><F20/><W105/><G105/><T68/><REACH who="0" step="1"/><D94/><REACH who="0" step="2"/><U2/><E90/><V53/><F75/><W129/><G43/><T114/><D114/><U1/><E1/><V84/><F72/><W86/><G129/><T81/><D81/><U26/><E2/><V30/><F84/><W64/><G38/><T115/><D115/><U50/><E18/><AGARI ba="0,1" hai="9,12,18,27,28,33,63,67,68,99,103,106,130,131" machi="18" ten="40,5200,0" yaku="1,1,25,2,53,0" doraHai="109" doraHaiUra="49" who="0" fromWho="1" sc="232,62,350,-52,159,0,249,0" /><INIT seed="4,0,0,3,0,42" ten="294,298,159,249" oya="0" hai0="6,22,58,118,3,17,12,10,44,107,0,45,26" hai1="29,93,108,59,1,61,2,71,116,102,67,64,90" hai2="49,129,105,55,38,74,89,80,53,20,7,19,16" hai3="43,97,30,11,41,18,40,91,119,75,99,101,117"/><T94/><D107/><U123/><E108/><V100/><F38/><W85/><G75/><T57/><D118/><U21/><E123/><V51/><F129/><W52/><G30/><T82/><D3/><U23/><E2/><V72/><F7/><W84/><G117/><T96/><D82/><U48/><E1/><V128/><F128/><W62/><G119/><T126/><D126/><U121/><E121/><V54/><F105/><W130/><G130/><T83/><D83/><U73/><E73/><V66/><F100/><W63/><G101/><N who="0" m="60567" /><D0/><U112/><E102/><V50/><F66/><W115/><G115/><T25/><D26/><U37/><E67/><V70/><F70/><W56/><G63/><T8/><D10/><U92/><E71/><V68/><F68/><W127/><G127/><T76/><D76/><U81/><E112/><V69/><F69/><W88/><G11/><T132/><D132/><U46/><E29/><V113/><F113/><W120/><G18/><N who="2" m="6697" /><F72/><W122/><G122/><T135/><D135/><U104/><E104/><V5/><F74/><W134/><G134/><T4/><D4/><U35/><E35/><V60/><F5/><W86/><G120/><T125/><D125/><U34/><E34/><V36/><F36/><W114/><G114/><T27/><D27/><U95/><E37/><V65/><F20/><W14/><G14/><T131/><D131/><U133/><E133/><V111/><F111/><W77/><G77/><T79/><D79/><U28/><E116/><V124/><F124/><W78/><G78/><T24/><D24/><U39/><E28/><RYUUKYOKU ba="0,0" sc="294,15,298,-15,159,-15,249,15" hai0="6,8,12,17,22,25,44,45,57,58" hai3="40,41,43,52,56,62,84,85,86,88,91,97,99" /><INIT seed="4,1,0,2,5,52" ten="309,283,144,264" oya="0" hai0="46,23,114,133,109,59,13,135,11,5,73,64,77" hai1="117,69,98,53,68,34,131,129,58,20,84,29,1" hai2="39,63,85,104,122,44,113,25,78,8,72,92,35" hai3="71,82,41,38,81,56,26,36,101,4,19,80,27"/><T67/><D114/><U24/><E117/><V45/><F122/><W70/><G4/><T30/><D109/><U110/><E110/><V6/><F104/><W60/><G101/><T10/><D46/><U48/><E1/><V123/><F123/><W120/><G120/><T76/><D11/><U89/><E98/><V22/><F113/><W94/><G94/><T83/><D76/><U95/><E34/><V106/><F35/><W43/><G19/><N who="0" m="10735" /><D30/><U100/><E100/><V97/><F106/><W99/><G99/><T42/><D59/><U32/><E32/><V119/><F72/><W57/><G80/><T79/><D79/><U124/><E124/><V2/><F119/><W17/><G17/><T105/><D105/><U15/><E15/><N who="2" m="5527" /><F39/><W116/><G116/><T54/><D54/><U90/><REACH who="1" step="1"/><E89/><REACH who="1" step="2"/><N who="2" m="55439" /><F2/><W96/><G96/><T130/><D135/><U87/><E87/><V118/><F85/><W102/><G102/><T126/><D133/><U50/><E50/><V9/><F118/><W115/><G115/><T91/><D126/><U0/><E0/><V111/><F111/><W66/><G60/><T62/><D73/><U75/><E75/><V16/><F78/><W21/><G21/><T51/><D77/><U65/><E65/><AGARI ba="1,1" hai="26,27,36,38,41,43,56,57,65,66,70,71,81,82" machi="65" ten="25,6400,0" yaku="22,2,52,2" doraHai="52" who="3" fromWho="1" sc="309,0,273,-67,144,0,264,77" owari="309,11,206,-19,144,-36,341,44" /></mjloggm>