<mjloggm ver="2.3"><GO type="169"/><UN n0="%E9%9B%80%E5%A8%98%E2%98%86%E3%82%86%E3%81%8D" n1="%E6%9C%A7%E5%A4%8F%E6%9C%88" n2="%6B%6B%31%32%35" n3="%E4%B8%80%E6%9D%A1%E5%85%BC%E5%AE%9A%E2%99%AA" dan="17,17,16,16" rate="2123,2187,2033,2049" sx="F,F,M,M"/><TAIKYOKU oya="0"/><INIT seed="0,0,0,4,1,128" ten="250,250,250,250" oya="0" hai0="50,36,45,49,111,15,82,64,47,91,86,2,113" hai1="131,51,30,99,73,70,6,92,26,1,84,79,61" hai2="24,12,56,67,95,31,55,112,17,34,102,46,0" hai3="90,132,62,5,109,118,19,127,100,88,42,77,87"/><T123/><D123/><U94/><E73/><V121/><F112/><W89/><G118/><T107/><D2/><U13/><E1/><V3/><F121/><W63/><G109/><T83/><D113/><U76/><E131/><V134/><F67/><W105/><G5/><T74/><D111/><U124/><E124/><V4/><F4/><W18/><G42/><T81/><D107/><U125/><E51/><N who="0" m="19465" /><D36/><U52/><E125/><V14/><F46/><N who="0" m="17418" /><D74/><U96/><E70/><V98/><F14/><W104/><G127/><T117/><D117/><U57/><E13/><V130/><F130/><W85/><G77/><N who="1" m="29770" /><E6/><V39/><F39/><W119/><G119/><T135/><D64/><U120/><E120/><V68/><F68/><W43/><G43/><T72/><D72/><U69/><E69/><V20/><F3/><W37/><G37/><T122/><D122/><U114/><E114/><V16/><F0/><W78/><G78/><T40/><D40/><U29/><E84/><V25/><F56/><W126/><G126/><T28/><D28/><N who="1" m="10859" /><E26/><V48/><F48/><W108/><G108/><T23/><D135/><U75/><E75/><V101/><F134/><W106/><G132/><T54/><D54/><U116/><E116/><V22/><REACH who="2" step="1"/><F55/><REACH who="2" step="2"/><W44/><G44/><T65/><D65/><U10/><E10/><V60/><F60/><W66/><G66/><T58/><D58/><U11/><E11/><V71/><F71/><W27/><G63/><T129/><D129/><U93/><AGARI ba="0,1" hai="52,57,61,92,93,94,96,99" m="10859,29770" machi="93" ten="30,2000,0" yaku="8,1,54,1" doraHai="128" who="1" fromWho="1" sc="250,-10,250,30,240,-5,250,-5" /><INIT seed="1,0,0,5,2,0" ten="240,280,235,245" oya="1" hai0="91,121,13,58,92,109,75,128,104,34,86,119,10" hai1="90,97,15,11,105,108,87,99,68,130,74,54,35" hai2="118,22,129,41,29,61,38,55,103,132,69,23,49" hai3="60,21,63,67,25,18,33,42,57,6,111,45,52"/><U7/><E74/><V72/><F118/><W95/><G111/><T47/><D119/><U31/><E68/><V84/><F72/><W79/><G79/><T116/><D116/><U36/><E36/><V53/><F103/><W14/><G95/><T26/><D109/><U114/><E114/><V51/><F132/><W120/><G120/><T64/><D104/><U115/><E115/><V5/><F129/><W131/><G131/><T122/><D75/><U133/><E108/><V3/><F38/><W135/><G135/><T28/><D47/><U82/><E133/><V102/><F41/><W17/><G33/><T40/><D40/><U20/><E130/><V65/><F102/><W100/><G100/><T80/><D128/><U94/><E105/><V30/><F84/><W4/><G42/><T112/><D112/><U89/><E35/><V77/><F77/><W88/><G88/><T16/><D58/><U1/><E54/><V56/><F30/><W123/><G123/><N who="0" m="47115" /><D64/><U12/><REACH who="1" step="1"/><E99/><REACH who="1" step="2"/><V127/><F55/><W44/><G44/><T106/><D106/><U27/><AGARI ba="0,1" hai="1,7,11,12,15,20,27,31,82,87,89,90,94,97" machi="27" ten="30,12000,1" yaku="1,1,2,1,0,1,52,1,53,1" doraHai="0" doraHaiUra="81" who="1" fromWho="1" sc="240,-40,270,130,235,-40,245,-40" /><INIT seed="1,1,0,2,4,11" ten="200,400,195,205" oya="1" hai0="120,23,2,8,27,108,38,58,17,54,34,131,5" hai1="134,82,18,105,90,117,98,0,110,56,28,25,62" hai2="93,125,24,63,1,14,109,13,10,89,16,118,46" hai3="127,68,48,132,88,74,7,102,116,69,49,44,70"/><U113/><E113/><V135/><F118/><W91/><G74/><T40/><D120/><U81/><E117/><V103/><F1/><W12/><G116/><T35/><D131/><U64/><E0/><V99/><F135/><W37/><G132/><T95/><D108/><U42/><E134/><V33/><F109/><W21/><G102/><T26/><D40/><U122/><E110/><V107/><F125/><W133/><G133/><T30/><D95/><U66/><E122/><V77/><F77/><W29/><G127/><T84/><D84/><U3/><E3/><V36/><F63/><W52/><G37/><T124/><D38/><U51/><E64/><V73/><F73/><W115/><G115/><T119/><D119/><U59/><E18/><V79/><F79/><W22/><G48/><T97/><D97/><U112/><E112/><V87/><F36/><W20/><REACH who="3" step="1"/><G29/><REACH who="3" step="2"/><T15/><D124/><U76/><E28/><V78/><F103/><W53/><G53/><T41/><D41/><U55/><E42/><V130/><F107/><W57/><G57/><T6/><D58/><U9/><E59/><V111/><F130/><W121/><G121/><T129/><D54/><U85/><E51/><V32/><F111/><W47/><G47/><T83/><D129/><U128/><E55/><V114/><F46/><W106/><G106/><T65/><D65/><U72/><E128/><V39/><F114/><W60/><G60/><T75/><D30/><U123/><E123/><V43/><F39/><W94/><G94/><T126/><D126/><U19/><E105/><V86/><F43/><RYUUKYOKU ba="1,1" sc="200,-10,400,-10,195,-10,195,30" hai3="7,12,20,21,22,44,49,52,68,69,70,88,91" /><INIT seed="2,2,1,0,0,26" ten="190,390,185,225" oya="2" hai0="117,72,92,68,130,29,121,7,89,98,124,70,100" hai1="103,32,86,77,107,20,133,97,47,30,71,126,58" hai2="132,106,116,43,114,34,80,17,134,123,129,35,33" hai3="51,44,52,65,28,42,135,112,108,23,8,55,3"/><V56/><F123/><W41/><G108/><T95/><D121/><U76/><E71/><V53/><F106/><W115/><G135/><N who="2" m="51753" /><F116/><W27/><G65/><T14/><D72/><U87/><E32/><V31/><F114/><N who="3" m="43563" /><G55/><T119/><D124/><U94/><E133/><V49/><F129/><W21/><G21/><T50/><D130/><U88/><E126/><V59/><F43/><N who="3" m="16395" /><G8/><T13/><D7/><U110/><E110/><V4/><F4/><W128/><G128/><T66/><D50/><U64/><E47/><V5/><F5/><W45/><G3/><T105/><D105/><U67/><E87/><V113/><F113/><W39/><G39/><T37/><D37/><U25/><REACH who="1" step="1"/><E67/><REACH who="1" step="2"/><V109/><F109/><W125/><G125/><T69/><D66/><U111/><E111/><V16/><F59/><AGARI ba="2,2" hai="23,27,28,44,45,51,52,59" m="16395,43563" machi="59" ten="30,3900,0" yaku="11,1,52,1,54,1" doraHai="26" who="3" fromWho="2" sc="190,0,380,0,185,-45,225,65" /><INIT seed="3,0,0,5,2,69" ten="190,380,140,290" oya="3" hai0="41,67,99,116,115,22,89,59,68,23,25,80,56" hai1="28,127,64,31,86,110,131,100,57,106,17,48,43" hai2="72,132,53,128,7,52,46,36,54,92,123,20,77" hai3="126,8,135,13,85,5,29,58,121,30,38,113,21"/><W120/><G113/><T51/><D115/><U18/><E110/><V98/><F123/><W101/><G135/><T103/><D116/><U49/><E127/><V83/><F132/><W76/><G126/><T81/><D68/><U4/><E4/><V102/><F128/><W60/><G38/><T19/><D59/><U75/><E75/><V55/><F7/><W111/><G111/><T104/><D89/><U42/><E106/><V79/><F79/><W26/><G30/><T50/><D50/><U87/><E57/><V70/><F70/><W9/><G9/><T24/><D41/><U6/><E6/><V114/><F114/><W78/><G78/><T3/><D3/><U91/><E91/><V117/><F117/><W12/><G12/><T107/><D107/><U45/><E45/><V118/><F118/><W133/><G133/><T1/><D1/><U47/><E47/><V108/><F108/><W37/><G37/><T119/><D119/><U96/><E96/><V34/><F34/><W97/><G85/><T122/><D122/><U95/><E95/><V65/><F65/><W73/><G73/><T134/><D134/><U2/><E2/><V33/><F33/><W112/><G76/><T44/><D44/><U129/><E64/><V40/><N who="2" m="13824" /><DORA hai="105" /><V66/><F66/><N who="3" m="39191" /><G112/><T14/><D51/><U15/><E15/><V125/><REACH who="2" step="1"/><F20/><REACH who="2" step="2"/><W27/><G120/><T71/><D71/><U130/><E131/><V32/><F32/><W61/><G121/><T16/><D14/><U63/><E63/><AGARI ba="0,1" hai="16,19,22,23,24,25,56,63,67,80,81,99,103,104" machi="63" ten="40,2600,0" yaku="9,1,54,1" doraHai="69,105" who="0" fromWho="1" sc="190,36,380,-26,130,0,290,0" /><INIT seed="4,0,0,1,0,21" ten="226,354,130,290" oya="0" hai0="84,25,59,68,73,16,93,66,131,60,29,110,102" hai1="48,52,20,71,101,109,96,2,41,86,126,69,47" hai2="58,85,23,28,125,5,122,0,27,9,17,83,8" hai3="63,77,95,133,7,49,91,98,89,100,107,115,13"/><T39/><D73/><U90/><E109/><V112/><F122/><W94/><G115/><T31/><D39/><U70/><E2/><V123/><F123/><W99/><G133/><T24/><D110/><U56/><E126/><V78/><F112/><W55/><G77/><T88/><D102/><U34/><E34/><V51/><F125/><W33/><G33/><T72/><D72/><U44/><E20/><V57/><F51/><W74/><G74/><T113/><D68/><U18/><E18/><V108/><F108/><W120/><G120/><T117/><D113/><U22/><E22/><V65/><F65/><W79/><G79/><T26/><D117/><U92/><REACH who="1" step="1"/><E41/><REACH who="1" step="2"/><V40/><F40/><W132/><G132/><T53/><D131/><U134/><E134/><V35/><REACH who="2" step="1"/><F9/><REACH who="2" step="2"/><N who="3" m="4287" /><G63/><T36/><D36/><U87/><E87/><V121/><F121/><W81/><G49/><T103/><D66/><U46/><E46/><V127/><F127/><W67/><G67/><T128/><D128/><U19/><E19/><V50/><F50/><W30/><G55/><T14/><D103/><U4/><E4/><V118/><F118/><W6/><G6/><T11/><AGARI ba="0,2" hai="11,14,16,24,25,26,29,31,53,59,60,84,88,93" machi="11" ten="30,18000,2" yaku="0,1,8,1,52,3,54,2" doraHai="21" who="0" fromWho="0" sc="226,200,344,-60,120,-60,290,-60" /><INIT seed="4,1,0,4,2,45" ten="426,284,60,230" oya="0" hai0="65,112,71,4,74,75,128,18,29,72,34,118,46" hai1="25,56,109,134,32,60,31,123,107,55,47,85,115" hai2="0,76,22,99,66,43,15,116,49,7,28,36,100" hai3="24,26,9,135,69,82,105,8,96,16,13,48,120"/><T102/><D118/><U59/><E109/><V14/><F116/><W89/><G69/><T125/><D4/><U92/><E107/><V19/><F36/><W61/><G135/><T33/><D18/><U133/><E123/><V51/><F43/><W50/><G120/><T62/><D46/><U30/><E115/><V119/><F119/><W129/><G129/><T79/><D112/><U20/><E47/><V2/><F76/><W70/><G105/><T88/><D88/><N who="1" m="53263" /><E59/><V81/><F81/><W131/><G131/><T53/><D128/><U37/><E37/><V108/><F108/><W64/><G8/><T17/><D102/><U121/><E121/><V68/><F68/><W84/><REACH who="3" step="1"/><G96/><REACH who="3" step="2"/><T41/><D71/><U54/><E134/><V127/><F127/><W110/><G110/><T98/><D98/><U95/><E133/><V35/><F99/><W10/><G10/><T111/><D125/><U87/><E32/><V86/><F35/><W104/><G104/><T42/><D34/><U27/><E31/><V126/><F28/><W101/><G101/><T3/><D29/><U77/><E30/><V122/><F126/><W12/><G12/><T5/><D33/><U44/><E20/><V38/><F100/><W124/><G124/><T106/><D106/><U130/><E130/><V11/><F122/><W39/><G39/><T93/><D111/><U83/><E95/><V40/><F38/><W58/><G58/><T63/><D93/><U132/><E132/><V97/><F97/><W80/><G80/><T117/><D117/><U23/><E23/><V52/><F22/><RYUUKYOKU ba="1,1" sc="426,-15,284,15,60,-15,220,15" hai1="25,27,44,54,55,56,60,77,83,87" hai3="9,13,16,24,26,48,50,61,64,70,82,84,89" /><INIT seed="5,2,1,3,2,28" ten="411,299,45,235" oya="1" hai0="53,39,84,66,16,61,36,15,82,107,135,114,4" hai1="94,92,43,132,102,1,29,48,65,109,71,86,106" hai2="95,67,100,5,64,37,58,87,77,128,56,3,74" hai3="55,0,110,105,17,96,41,89,121,18,62,80,13"/><U131/><E1/><V6/><F37/><W23/><G0/><T108/><D107/><U54/><E43/><V26/><F74/><W120/><G110/><T12/><D108/><U59/><E109/><V7/><F3/><W127/><G127/><T122/><D53/><U27/><E131/><V30/><F128/><W60/><G41/><T11/><D122/><U8/><E8/><V111/><F111/><W38/><G38/><T129/><D129/><U46/><E132/><V88/><F77/><W126/><G126/><T113/><D135/><U19/><E19/><V85/><F85/><W90/><G105/><T101/><D101/><U104/><E46/><V116/><F116/><W10/><G120/><T2/><D2/><U134/><E134/><V98/><F67/><W81/><G121/><T78/><D113/><U51/><E51/><V14/><F14/><N who="3" m="9687" /><G55/><T75/><D75/><U50/><E50/><V76/><F76/><W93/><G90/><T72/><D72/><U35/><E86/><V31/><F64/><W119/><G119/><T42/><D42/><U9/><E9/><V99/><F99/><W34/><G34/><T79/><D114/><U40/><E40/><V20/><REACH who="2" step="1"/><F31/><REACH who="2" step="2"/><W91/><G81/><AGARI ba="2,2" hai="5,6,7,20,26,30,56,58,81,87,88,95,98,100" machi="81" ten="40,8000,1" yaku="1,1,2,1,8,1,54,1,53,0" doraHai="28" doraHaiUra="112" who="2" fromWho="3" sc="411,0,299,0,35,106,235,-86" /><INIT seed="6,0,0,3,1,11" ten="411,299,141,149" oya="2" hai0="129,25,3,46,65,92,119,127,45,133,51,41,35" hai1="75,49,123,89,63,30,34,69,29,39,80,47,38" hai2="62,19,9,111,67,73,70,82,52,116,72,86,24" hai3="68,18,117,27,90,74,121,20,17,7,42,4,13"/><V108/><F116/><W112/><G74/><T28/><D3/><U125/><E125/><V105/><F105/><W134/><G68/><T107/><D107/><U5/><E123/><V78/><F24/><W64/><G117/><T6/><D6/><U53/><E5/><V66/><F66/><W22/><G64/><T114/><D127/><U135/><E135/><V124/><F124/><W31/><G121/><T26/><D119/><U94/><E63/><V2/><F2/><W110/><G110/><N who="2" m="42025" /><F52/><W32/><G134/><T97/><D26/><U96/><E69/><V118/><F118/><W16/><G42/><T109/><D109/><U79/><E34/><V98/><F98/><W115/><G90/><T99/><D99/><U0/><E0/><V44/><F44/><W87/><G87/><T23/><D35/><U120/><E120/><V102/><F102/><W85/><G85/><T88/><D65/><U101/><E101/><V61/><F61/><W100/><G100/><T84/><D133/><U132/><E132/><V81/><F82/><W93/><G93/><T37/><D97/><U33/><E33/><V56/><F70/><W122/><G122/><T83/><D83/><U15/><E30/><V91/><F91/><W54/><G54/><T55/><D45/><U106/><E29/><V126/><F126/><W36/><G32/><T10/><D28/><U103/><E106/><V60/><F60/><W76/><G31/><T57/><D46/><U104/><E104/><V14/><AGARI ba="0,0" hai="9,14,19,56,62,67,72,73,78,81,86" m="42025" machi="14" ten="30,3000,0" yaku="10,1,52,1" doraHai="11" who="2" fromWho="2" sc="411,-10,299,-10,141,30,149,-10" /><INIT seed="6,1,0,0,4,25" ten="401,289,171,139" oya="2" hai0="120,58,10,129,115,53,9,57,11,99,27,118,110" hai1="124,105,55,7,21,103,42,14,133,84,80,34,127" hai2="17,22,39,98,71,79,131,20,106,15,83,125,51" hai3="73,77,92,95,128,8,89,12,93,32,45,70,6"/><V67/><F39/><W97/><G70/><T23/><D110/><U69/><E34/><V65/><F125/><W29/><G128/><T37/><D37/><U47/><E69/><V35/><F131/><W61/><G61/><T41/><D129/><U18/><E133/><V100/><F35/><W108/><G108/><T116/><D120/><U76/><E55/><V16/><F51/><W49/><G77/><T130/><D130/><U64/><E64/><V68/><F68/><W52/><REACH who="3" step="1"/><G73/><REACH who="3" step="2"/><T85/><D116/><U19/><E76/><V117/><F71/><W94/><G94/><T123/><D118/><U112/><E127/><V88/><F117/><W74/><G74/><T66/><D123/><U5/><E124/><V111/><F111/><W104/><G104/><T81/><D81/><U24/><E105/><V90/><F67/><W126/><G126/><T56/><D66/><U33/><E80/><V3/><F65/><W75/><G75/><T119/><D119/><U102/><E112/><V1/><F79/><W40/><G40/><T0/><D41/><U59/><E42/><V31/><F83/><W4/><G4/><T135/><D115/><U82/><E5/><V43/><F43/><W72/><G72/><T134/><D135/><U30/><E7/><V62/><F106/><W113/><G113/><T96/><D134/><U48/><E82/><V28/><F1/><W63/><G63/><T114/><D0/><U2/><E2/><V38/><F3/><W13/><G13/><T101/><D114/><U36/><E14/><N who="2" m="9239" /><F62/><W87/><G87/><T91/><D85/><RYUUKYOKU ba="1,1" sc="401,-10,289,-10,171,-10,129,30" hai3="6,8,12,29,32,45,49,52,89,92,93,95,97" /><INIT seed="7,2,1,4,5,118" ten="391,279,161,159" oya="3" hai0="105,75,27,51,57,96,71,35,126,133,10,81,4" hai1="37,18,87,80,98,76,85,122,117,52,48,104,121" hai2="73,38,3,44,100,42,130,119,50,29,0,25,64" hai3="33,106,110,135,102,69,55,58,83,60,72,115,28"/><W103/><G135/><T91/><D71/><U30/><E37/><V5/><F119/><W22/><G33/><T9/><D133/><U132/><E132/><V21/><F73/><W70/><G115/><T101/><D126/><U66/><E117/><V128/><F100/><W107/><G110/><T39/><D39/><U93/><E30/><V88/><F64/><W26/><G102/><T111/><D111/><U79/><E104/><V14/><F38/><W90/><G103/><T56/><D10/><U61/><E18/><N who="2" m="10455" /><F5/><W97/><G97/><T43/><D27/><U99/><E99/><V41/><F88/><W124/><G124/><T125/><D35/><U15/><E15/><V16/><F16/><W134/><G134/><T1/><D125/><U114/><E114/><V89/><F89/><W63/><G90/><T34/><D34/><U2/><E48/><V62/><F62/><W36/><G36/><T77/><D91/><U59/><E2/><V8/><F42/><W47/><G47/><T19/><D19/><U82/><E66/><V131/><F8/><W17/><G28/><T7/><D7/><U94/><E98/><V31/><F31/><W54/><G54/><T112/><D112/><U40/><E40/><V32/><AGARI ba="2,1" hai="0,3,25,29,32,41,44,50,128,130,131" m="10455" machi="32" ten="30,1100,0" yaku="19,1" doraHai="118" who="2" fromWho="2" sc="391,-5,279,-5,161,27,159,-7" owari="386,49,274,7,188,-21,152,-35" /></mjloggm>