<mjloggm ver="2.3"><GO type="225"/><UN n0="%E6%9C%AC%E7%89%A9%E5%A5%B3%E5%AD%90%E9%AB%98%E7%94%9F" n1="%E7%AE%A1%E5%AF%9D" n2="%E9%85%8D%E5%9B%9E%E9%99%8D%E6%B5%81" n3="%E3%83%95%E3%83%AD%E3%83%95%E3%83%AC" dan="17,16,16,16" rate="2098,2116,2096,2056" sx="F,M,M,M"/><TAIKYOKU oya="0"/><INIT seed="0,0,0,3,3,40" ten="250,250,250,250" oya="0" hai0="32,48,112,135,57,33,111,81,71,124,75,108,115" hai1="121,8,129,125,25,5,95,118,132,61,65,30,128" hai2="80,97,34,43,29,90,76,47,39,73,44,66,54" hai3="92,58,130,35,127,79,134,20,53,31,99,36,91"/><T74/><D71/><U60/><E121/><V26/><F66/><W63/><G134/><T94/><D135/><U1/><E132/><V7/><F7/><W117/><G117/><T19/><D124/><U68/><E118/><V28/><F28/><W14/><G130/><T82/><D94/><U133/><E133/><V49/><F97/><W116/><G116/><T9/><D9/><U38/><E125/><V24/><F24/><N who="3" m="16775" /><G35/><N who="0" m="13387" /><D48/><U70/><E38/><V88/><AGARI ba="0,0" hai="26,29,34,39,43,44,47,49,54,73,76,80,88,90" machi="88" ten="30,7900,0" yaku="0,1,52,2,54,1" doraHai="40" who="2" fromWho="2" sc="250,-39,250,-20,250,79,250,-20" /><INIT seed="1,0,0,1,3,29" ten="211,230,329,230" oya="1" hai0="48,33,53,82,65,96,81,49,131,69,61,60,28" hai1="26,52,67,73,2,50,76,83,119,59,13,103,41" hai2="117,97,10,125,24,63,92,85,75,77,107,12,14" hai3="37,42,31,66,94,84,16,20,91,40,101,118,56"/><U129/><E119/><V11/><F117/><W122/><G122/><T111/><D111/><U121/><E121/><V7/><F125/><W93/><G118/><T62/><D131/><U32/><E2/><V34/><F63/><N who="3" m="38247" /><G31/><T88/><D49/><U3/><E3/><V90/><F24/><N who="3" m="14343" /><G37/><T71/><D71/><U54/><E129/><V22/><F22/><W114/><G114/><T99/><D65/><U80/><E103/><N who="2" m="62959" /><F11/><W134/><G134/><T100/><D69/><U109/><E109/><V115/><F115/><W43/><G101/><T135/><D135/><U18/><E67/><V108/><F108/><W0/><G0/><T98/><D100/><U36/><E73/><V25/><F25/><W8/><G8/><T106/><D106/><U64/><E64/><V51/><F51/><W72/><G72/><T102/><D102/><U5/><E36/><V27/><F27/><W57/><G57/><N who="0" m="32935" /><D28/><U19/><E59/><V95/><F14/><W35/><G35/><T133/><D133/><U15/><E32/><V9/><F9/><W44/><G44/><T17/><D33/><U132/><E132/><V120/><F34/><W45/><G45/><T123/><D123/><U116/><E116/><V47/><F47/><W70/><G70/><T46/><D46/><N who="1" m="25935" /><E26/><V113/><F120/><W127/><G127/><T124/><D124/><U23/><E54/><V105/><F113/><W86/><G86/><N who="0" m="50255" /><D17/><U78/><E52/><V128/><F128/><W58/><G58/><T6/><D6/><U68/><E5/><V130/><F130/><W39/><G39/><T112/><D112/><RYUUKYOKU ba="0,0" sc="211,15,230,-15,329,-15,230,15" hai0="60,61,62,82,96,98,99" hai3="40,42,43,84,91,93,94" /><INIT seed="2,1,0,0,2,19" ten="226,215,314,245" oya="2" hai0="114,4,50,80,66,72,2,109,112,133,39,100,73" hai1="40,111,52,61,37,64,45,116,25,131,130,75,46" hai2="12,77,62,99,118,70,58,108,110,82,51,18,15" hai3="9,65,101,88,57,81,129,5,74,103,123,33,128"/><V13/><F118/><W85/><G123/><T16/><D50/><N who="1" m="28759" /><E75/><V24/><F99/><W87/><G33/><T53/><D53/><U21/><E116/><V59/><F24/><W117/><G117/><T29/><D66/><U92/><E92/><V63/><F70/><W106/><G74/><T79/><D73/><U78/><E78/><V69/><F69/><W17/><G17/><T91/><D91/><U93/><E93/><V102/><F102/><W48/><G106/><T97/><D16/><N who="1" m="12455" /><E61/><N who="2" m="23051" /><F51/><W121/><G121/><T105/><D39/><U32/><E64/><V22/><F77/><W120/><G65/><T41/><D114/><U43/><E43/><V3/><F3/><W10/><G120/><T36/><D112/><U28/><E28/><V115/><F115/><W30/><G30/><T14/><D29/><U38/><E111/><N who="2" m="42539" /><F82/><W134/><G81/><T55/><D109/><U7/><E37/><V124/><F124/><W135/><G103/><T125/><D125/><U60/><E60/><V84/><F84/><W6/><G87/><T47/><D36/><U86/><E32/><V0/><F0/><W56/><G85/><T54/><D2/><U26/><E26/><V90/><F13/><W126/><G101/><T34/><D34/><U67/><E67/><V49/><F15/><W95/><G126/><T23/><D14/><U76/><E7/><V11/><F22/><W89/><G48/><N who="0" m="26735" /><D4/><U1/><E1/><V8/><F49/><W107/><G107/><T122/><D122/><U71/><E71/><V119/><F119/><W44/><G95/><T20/><D133/><RYUUKYOKU ba="1,0" sc="226,10,215,10,314,-30,245,10" hai0="20,23,54,55,72,79,80,97,100,105" hai1="38,40,45,76,86,130,131" hai3="5,6,9,10,44,56,57,88,89,128,129,134,135" /><INIT seed="3,2,0,0,3,13" ten="236,225,284,255" oya="3" hai0="74,104,6,118,93,38,63,29,84,103,135,40,71" hai1="42,75,39,85,5,30,66,110,130,57,123,68,119" hai2="56,67,32,11,132,27,3,19,122,95,2,92,59" hai3="53,86,99,81,73,91,43,47,87,77,24,23,1"/><W28/><G1/><T14/><D118/><U127/><E123/><V37/><F37/><W46/><G53/><T97/><D29/><U88/><E75/><V8/><F2/><W112/><G112/><T126/><D126/><U25/><E127/><V26/><F32/><W60/><G60/><T51/><D135/><U120/><E120/><V45/><F132/><W108/><G108/><T111/><D111/><U82/><E110/><V35/><F35/><W107/><G47/><N who="0" m="23959" /><D51/><U58/><E130/><V4/><F45/><W50/><REACH who="3" step="1"/><G91/><REACH who="3" step="2"/><N who="0" m="53479" /><D63/><N who="1" m="38263" /><E119/><V36/><F3/><W20/><G20/><T90/><D90/><U124/><E124/><V15/><F122/><W31/><G31/><T113/><D113/><U0/><E68/><V55/><F55/><W48/><G48/><T105/><D71/><U89/><E57/><V80/><F59/><W72/><G72/><T9/><D74/><U69/><E69/><V115/><F56/><W62/><G62/><T117/><D117/><U106/><E89/><V12/><F115/><W64/><G64/><T78/><D78/><U98/><E39/><V114/><F36/><W129/><G129/><T116/><D116/><U33/><E42/><V41/><F41/><W102/><AGARI ba="2,1" hai="23,24,28,43,46,50,73,77,81,86,87,99,102,107" machi="102" ten="30,6000,0" yaku="1,1,0,1,53,1" doraHai="13" doraHaiUra="22" who="3" fromWho="3" sc="236,-22,225,-22,284,-22,245,76" owari="214,-19,203,-30,262,6,321,43" /></mjloggm>