<mjloggm ver="2.3"><GO type="169"/><UN n0="%E3%83%81%E3%83%AD%E3%83%AD%E8%BB%8D%E6%9B%B9" n1="%E5%8F%82%E7%B3%BB%E5%A4%A7%E6%9C%AC%E5%96%B6" n2="%6D%6D%6A%61%6E%67%6B%69" n3="%E3%83%9E%E3%83%84%E3%82%B6%E3%82%AD" dan="16,16,16,16" rate="2050,2124,2109,2056" sx="M,M,M,M"/><TAIKYOKU oya="0"/><INIT seed="0,0,0,4,3,108" ten="250,250,250,250" oya="0" hai0="123,53,135,6,1,62,93,121,56,127,47,124,17" hai1="28,12,4,125,64,70,21,71,15,88,13,131,65" hai2="87,134,116,90,120,50,115,107,76,132,79,111,29" hai3="11,91,69,60,61,119,24,14,117,23,45,94,129"/><T96/><D135/><N who="2" m="51754" /><F29/><W85/><G129/><T101/><D17/><U42/><E131/><V58/><F120/><W97/><G69/><T130/><D130/><U105/><E105/><V22/><F22/><W10/><G10/><N who="0" m="2383" /><D47/><U83/><E125/><AGARI ba="0,0" hai="53,56,62,93,96,101,121,123,124,125,127" m="2383" machi="125" ten="30,1500,0" yaku="18,1" doraHai="108" who="0" fromWho="1" sc="250,15,250,-15,250,0,250,0" /><INIT seed="0,1,0,0,0,131" ten="265,235,250,250" oya="0" hai0="66,59,75,40,107,110,78,42,71,128,61,4,37" hai1="0,14,116,77,44,81,92,60,24,33,1,6,2" hai2="20,35,89,34,19,79,5,102,114,21,118,112,36" hai3="57,126,26,93,123,10,27,120,7,39,111,106,51"/><T113/><D113/><N who="2" m="43626" /><F89/><W88/><G106/><T64/><D107/><U74/><E116/><V47/><F102/><W41/><G111/><T130/><D4/><U80/><E80/><V43/><F79/><W101/><G101/><T13/><D13/><U8/><E60/><V103/><F103/><W23/><G126/><T109/><D78/><U72/><E72/><V31/><F47/><N who="3" m="23999" /><G23/><T84/><D84/><U135/><E92/><V119/><F43/><N who="0" m="16426" /><D75/><U17/><E44/><V11/><F36/><W85/><G51/><T3/><D3/><U30/><REACH who="1" step="1"/><E135/><REACH who="1" step="2"/><V104/><F104/><W28/><G57/><T38/><D38/><U65/><E65/><V122/><F119/><W99/><G93/><T18/><D37/><U117/><E117/><V16/><F118/><W125/><G125/><T98/><D128/><U9/><AGARI ba="1,1" hai="0,1,2,6,8,9,14,17,24,30,33,74,77,81" machi="9" ten="20,5200,0" yaku="1,1,0,1,7,1,53,1" doraHai="131" doraHaiUra="22" who="1" fromWho="1" sc="265,-27,225,65,250,-14,250,-14" /><INIT seed="1,0,0,4,3,40" ten="238,290,236,236" oya="1" hai0="35,108,6,85,15,38,76,115,73,134,79,47,110" hai1="54,63,50,42,7,24,117,67,120,98,56,106,58" hai2="82,77,16,53,61,102,41,132,2,36,60,12,26" hai3="126,27,30,86,81,59,93,114,96,0,113,90,10"/><U68/><E120/><V135/><F2/><W88/><G126/><T84/><D115/><U21/><E117/><V9/><F102/><W48/><G0/><T107/><D35/><U51/><E7/><V104/><F104/><W49/><G10/><N who="0" m="4567" /><D107/><U14/><E14/><V8/><F8/><W65/><G49/><T19/><D134/><N who="2" m="51242" /><F53/><W87/><G87/><N who="0" m="33355" /><D19/><U131/><E131/><V17/><F17/><W94/><G81/><T29/><D29/><U74/><E74/><N who="2" m="43319" /><F26/><W69/><G69/><T52/><D73/><U4/><E4/><V39/><F41/><W78/><G78/><T123/><D123/><U55/><E42/><V44/><F44/><W119/><G119/><T1/><D1/><U46/><E106/><V64/><F61/><W13/><G13/><T70/><D70/><AGARI ba="0,0" hai="9,12,16,36,39,60,64,70" m="43319,51242" machi="70" ten="30,2000,0" yaku="20,1,54,1" doraHai="40" who="2" fromWho="0" sc="238,-20,290,0,236,20,236,0" /><INIT seed="2,0,0,1,3,48" ten="218,290,256,236" oya="2" hai0="119,89,17,25,70,121,97,110,127,43,71,19,96" hai1="39,109,20,30,105,7,122,57,42,82,54,27,11" hai2="47,16,88,130,15,14,31,90,67,56,55,36,37" hai3="74,23,8,68,94,53,28,46,73,13,62,49,6"/><V10/><F31/><W58/><G68/><T98/><D121/><U84/><E105/><V116/><F116/><W87/><G87/><T117/><D43/><U69/><E69/><N who="0" m="26121" /><D89/><U91/><E122/><V100/><F100/><W131/><G94/><T60/><D60/><U125/><E125/><V9/><F67/><W63/><G63/><T85/><D85/><U1/><E109/><V92/><F130/><W95/><G95/><T120/><D120/><U101/><E101/><V107/><F107/><W29/><G131/><T133/><D25/><U66/><E66/><V51/><F47/><W18/><G73/><T45/><D45/><U124/><E124/><V0/><F0/><W86/><G86/><T4/><D4/><U108/><E108/><V113/><F113/><W26/><REACH who="3" step="1"/><G74/><REACH who="3" step="2"/><T12/><D110/><U99/><E99/><V34/><F92/><W22/><G22/><T50/><D127/><U114/><E114/><V93/><F34/><W32/><G32/><T61/><D61/><U129/><E129/><V52/><F93/><W21/><G21/><T135/><D117/><U38/><E42/><AGARI ba="0,1" hai="6,8,13,18,23,26,28,29,42,46,49,53,58,62" machi="42" ten="30,8000,1" yaku="1,1,7,1,8,1,52,1,53,1" doraHai="48" doraHaiUra="40" who="3" fromWho="1" sc="218,0,290,-80,256,0,226,90" /><INIT seed="3,0,0,5,0,56" ten="218,210,256,316" oya="3" hai0="32,34,43,133,36,121,92,27,65,90,118,104,0" hai1="85,105,75,15,37,98,70,123,132,47,60,84,26" hai2="78,41,5,96,11,119,120,71,100,86,67,103,57" hai3="87,134,59,122,97,93,4,74,48,112,131,111,55"/><W91/><G122/><T8/><D121/><U110/><E123/><V94/><F119/><W12/><G112/><T68/><D118/><U53/><E75/><V35/><F35/><W115/><G115/><T66/><D104/><U28/><E132/><V52/><F41/><W114/><G114/><T38/><D133/><U81/><E110/><V46/><F46/><W63/><G134/><T44/><D38/><U20/><E15/><V1/><F120/><W64/><G111/><T58/><D68/><U116/><E116/><V117/><F117/><W23/><G131/><T39/><D39/><U83/><E37/><V17/><F17/><N who="3" m="10663" /><G74/><T21/><D34/><U30/><E30/><V102/><F67/><W88/><G4/><T14/><D0/><U69/><E69/><V135/><F71/><W82/><G64/><T3/><D3/><U13/><E13/><V2/><F2/><W61/><AGARI ba="0,0" hai="48,55,59,61,63,82,87,88,91,93,97" m="10663" machi="61" ten="30,11700,0" yaku="8,1,52,2,54,1" doraHai="56" who="3" fromWho="3" sc="218,-39,210,-39,256,-39,316,117" /><INIT seed="3,1,0,3,0,57" ten="179,171,217,433" oya="3" hai0="73,48,30,5,27,10,86,9,126,95,15,38,132" hai1="50,97,113,59,75,110,51,60,42,46,77,39,93" hai2="76,134,98,33,4,121,63,34,8,85,116,120,18" hai3="11,62,84,91,7,21,19,56,1,90,6,71,119"/><W114/><G114/><T135/><D73/><U82/><E113/><V70/><F116/><W36/><G119/><T47/><D38/><U102/><REACH who="1" step="1"/><E110/><REACH who="1" step="2"/><V115/><F115/><W103/><G103/><T26/><D132/><U43/><E43/><V22/><F134/><W24/><G71/><T12/><D135/><U67/><AGARI ba="1,1" hai="39,42,46,50,51,59,60,67,75,77,82,93,97,102" machi="67" ten="20,5200,0" yaku="1,1,0,1,7,1,52,1,53,0" doraHai="57" doraHaiUra="122" who="1" fromWho="1" sc="179,-14,161,65,217,-14,433,-27" /><INIT seed="4,0,0,2,2,27" ten="165,226,203,406" oya="0" hai0="14,115,49,36,125,83,18,105,16,73,13,29,21" hai1="104,107,17,34,122,20,89,75,91,1,96,109,26" hai2="70,40,22,123,126,5,61,11,110,81,102,101,116" hai3="25,38,85,28,43,129,97,35,99,103,59,48,120"/><T131/><D36/><U2/><E122/><V71/><F110/><W76/><G120/><T52/><D105/><U121/><E121/><V60/><F123/><W117/><G117/><T78/><D115/><U119/><E119/><V65/><F40/><W92/><G129/><T55/><D131/><U100/><E75/><V127/><F116/><W134/><G134/><T98/><D125/><N who="2" m="47626" /><F22/><W3/><G3/><T23/><D98/><U51/><E109/><V57/><F81/><W112/><G112/><T80/><D80/><U30/><E107/><V82/><F82/><W95/><G43/><T32/><D49/><U66/><E66/><N who="2" m="41295" /><F71/><W9/><G38/><T31/><D32/><U63/><E63/><V0/><AGARI ba="0,0" hai="0,5,11,57,60,65,101,102" m="41295,47626" machi="0" ten="30,1100,0" yaku="18,1" doraHai="27" who="2" fromWho="2" sc="165,-5,226,-3,203,11,406,-3" /><INIT seed="5,0,0,1,0,26" ten="160,223,214,403" oya="1" hai0="3,33,46,51,109,101,122,84,125,100,72,60,47" hai1="15,62,67,58,75,56,8,48,97,130,52,25,74" hai2="53,113,32,127,35,54,65,61,50,86,96,22,73" hai3="41,107,59,129,120,88,37,105,119,131,28,64,18"/><U55/><E130/><N who="3" m="49674" /><G120/><T80/><D109/><U112/><E112/><V82/><F113/><W118/><G28/><T10/><D72/><U16/><E97/><V111/><F73/><W135/><G135/><T5/><D33/><U6/><E67/><V93/><F111/><W43/><G18/><T24/><D122/><U85/><E85/><V134/><F22/><W104/><G88/><T103/><D125/><U63/><E48/><V69/><F127/><W123/><G123/><T66/><D24/><U40/><E40/><N who="3" m="15434" /><G37/><T14/><D3/><U92/><E92/><V2/><F2/><W132/><G132/><T38/><D38/><U39/><E39/><V42/><F134/><W0/><G0/><T17/><D17/><U87/><E87/><V76/><F32/><W90/><G90/><T9/><D9/><U44/><E44/><V95/><F35/><W27/><G27/><T128/><D128/><U108/><E108/><V21/><F21/><AGARI ba="0,0" hai="6,8,15,16,21,25,52,55,56,58,62,63,74,75" machi="21" ten="40,7700,0" yaku="9,1,54,2" doraHai="26" who="1" fromWho="2" sc="160,0,223,77,214,-77,403,0" /><INIT seed="5,1,0,2,0,33" ten="160,300,137,403" oya="1" hai0="10,21,85,114,119,68,103,88,77,35,110,70,100" hai1="43,130,9,24,11,5,124,44,131,129,51,63,80" hai2="75,94,135,128,30,28,69,120,89,96,52,17,127" hai3="38,79,27,106,125,42,117,67,111,1,84,15,86"/><U93/><E124/><V105/><F120/><W59/><G1/><T34/><D119/><U98/><E80/><V12/><F127/><W20/><G106/><T109/><D114/><U40/><E63/><V18/><F135/><W25/><G117/><T71/><D77/><U116/><E116/><V104/><F75/><W58/><G111/><T87/><D21/><U66/><E66/><V90/><F69/><W32/><G32/><N who="0" m="12331" /><D10/><N who="1" m="3595" /><E24/><V41/><F41/><W50/><G38/><T72/><D72/><U56/><E56/><V76/><F76/><W62/><G125/><T92/><D92/><U4/><E43/><V113/><F94/><W31/><G27/><T107/><D107/><U29/><E29/><V3/><F12/><W97/><G79/><T36/><D36/><U47/><E47/><V99/><F113/><W22/><G97/><T60/><D60/><U102/><AGARI ba="1,0" hai="4,5,40,44,51,93,98,102,129,130,131" m="3595" machi="102" ten="40,2100,0" yaku="19,1" doraHai="33" who="1" fromWho="1" sc="160,-8,300,24,137,-8,403,-8" /><INIT seed="5,2,0,4,4,34" ten="152,324,129,395" oya="1" hai0="74,25,58,127,103,85,6,93,100,11,68,106,40" hai1="109,75,72,49,80,87,59,32,10,132,12,107,89" hai2="108,31,47,44,13,19,50,133,39,56,26,2,122" hai3="126,5,33,4,101,62,0,30,115,130,73,128,52"/><U46/><E107/><V114/><F108/><W20/><G115/><T121/><D106/><U97/><E32/><V18/><F122/><W61/><G73/><T91/><D68/><U16/><E109/><V21/><F39/><W118/><G126/><T117/><D74/><U35/><E35/><V125/><F125/><W123/><G123/><T88/><D117/><U41/><E132/><V24/><F133/><W66/><G118/><T51/><D121/><U38/><E97/><V76/><F2/><W110/><G110/><T64/><D127/><U63/><REACH who="1" step="1"/><E38/><REACH who="1" step="2"/><V60/><F114/><W82/><G130/><T48/><D25/><U131/><E131/><V28/><F76/><W92/><G33/><T98/><D98/><U57/><E57/><V55/><F44/><W119/><G119/><T15/><D58/><U22/><E22/><N who="2" m="11599" /><F26/><W53/><G20/><T70/><D70/><U37/><E37/><V3/><F3/><W83/><G0/><T105/><D105/><U69/><E69/><V90/><F90/><W45/><G128/><T17/><D91/><U77/><E77/><V67/><AGARI ba="2,1" hai="19,21,24,28,31,47,50,55,56,60,67" m="11599" machi="67" ten="30,1100,0" yaku="8,1" doraHai="34" who="2" fromWho="2" sc="152,-5,314,-7,129,27,395,-5" /><INIT seed="6,0,0,0,1,54" ten="147,307,156,390" oya="2" hai0="56,131,124,76,6,71,28,14,64,121,90,95,35" hai1="8,60,73,110,106,46,12,130,34,127,16,38,84" hai2="114,77,122,22,48,103,99,111,47,58,135,101,70" hai3="18,105,96,33,79,72,25,109,29,129,3,123,102"/><V9/><F122/><W133/><G123/><T5/><D121/><U107/><E73/><V86/><F70/><W69/><G109/><T92/><D71/><U45/><E110/><V68/><F68/><W113/><G129/><T117/><D131/><U37/><E130/><V39/><F111/><W0/><G133/><T98/><D124/><U17/><E127/><V126/><F126/><W78/><G78/><T125/><D125/><U44/><E34/><V75/><F75/><W10/><G18/><T19/><D117/><U61/><E84/><V74/><F74/><W31/><G113/><T134/><D134/><U36/><REACH who="1" step="1"/><E17/><REACH who="1" step="2"/><V52/><F135/><W49/><G72/><T40/><D19/><U67/><E67/><V59/><F114/><W32/><G33/><T81/><D64/><U83/><E83/><N who="2" m="47471" /><F39/><W132/><G32/><T15/><D81/><U100/><E100/><N who="2" m="38475" /><F9/><W30/><G10/><T80/><D35/><U50/><E50/><V94/><F22/><W53/><G49/><T4/><D80/><U128/><E128/><V57/><F99/><W41/><G96/><T85/><D98/><U66/><E66/><V24/><F94/><W51/><G51/><T97/><D92/><U116/><E116/><V43/><F43/><W65/><G41/><T89/><D40/><U11/><E11/><V82/><F82/><W112/><G65/><T119/><D95/><U88/><E88/><V62/><F24/><W115/><G102/><T108/><D97/><U55/><E55/><V21/><F21/><W104/><G53/><T20/><D119/><U120/><E120/><RYUUKYOKU ba="0,1" sc="147,-15,297,15,156,15,390,-15" hai1="8,12,16,36,37,38,44,45,46,60,61,106,107" hai2="47,48,52,57,58,59,62" /><INIT seed="6,1,1,1,5,8" ten="132,312,171,375" oya="2" hai0="14,45,87,127,12,24,107,125,93,13,39,90,123" hai1="65,64,54,134,83,70,35,135,112,47,40,3,85" hai2="53,51,41,29,4,61,27,49,20,15,77,50,55" hai3="9,59,121,92,28,119,25,89,44,36,37,63,38"/><V33/><F77/><W128/><G121/><T52/><D107/><U23/><E35/><V102/><F102/><W71/><G119/><T106/><D106/><U95/><E3/><V117/><F117/><W22/><G71/><T96/><D123/><U5/><E5/><V42/><F61/><W34/><G128/><T76/><D24/><U80/><E70/><V103/><F103/><W32/><G9/><T118/><D118/><U126/><E126/><N who="0" m="48137" /><D76/><U78/><E54/><N who="2" m="20491" /><F33/><W113/><G113/><T58/><D45/><U73/><E95/><V48/><N who="2" m="12288" /><DORA hai="105" /><V101/><F101/><W30/><G44/><T86/><D39/><N who="1" m="21919" /><E112/><V100/><F100/><W17/><G34/><T2/><D2/><U57/><E57/><V67/><F67/><W116/><G32/><T108/><D108/><U10/><E65/><V0/><F0/><W82/><G116/><T56/><D56/><U1/><E64/><V21/><F21/><W69/><G69/><T11/><D11/><AGARI ba="1,1" hai="4,11,15,20,27,29,41,42" m="12288,20491" machi="11" ten="40,3900,0" yaku="8,1,52,1" doraHai="8,105" who="2" fromWho="0" sc="132,-42,312,0,171,52,375,0" /><INIT seed="6,2,0,2,0,77" ten="90,312,223,375" oya="2" hai0="64,87,63,31,4,67,36,112,37,125,81,110,5" hai1="124,114,61,45,121,68,20,127,93,28,65,85,46" hai2="86,83,21,43,22,126,133,25,7,19,49,17,38" hai3="115,11,8,104,35,14,12,52,96,75,122,0,132"/><V94/><F126/><N who="1" m="48169" /><E114/><V60/><F38/><W103/><G122/><T120/><D120/><U15/><E121/><V13/><F133/><W2/><G35/><T29/><D125/><U80/><E93/><V79/><F94/><W108/><G108/><T129/><D112/><U70/><E70/><V91/><F60/><W90/><G115/><T41/><D110/><U101/><E101/><V9/><F43/><W30/><G30/><T130/><D41/><U66/><E66/><V1/><REACH who="2" step="1"/><F49/><REACH who="2" step="2"/><W113/><G132/><T109/><D109/><U33/><E61/><V39/><F39/><W54/><G113/><T10/><D63/><U123/><E123/><V92/><F92/><W40/><G40/><T27/><D37/><U50/><E50/><V88/><AGARI ba="2,1" hai="1,7,9,13,17,19,21,22,25,79,83,86,88,91" machi="88" ten="30,11700,0" yaku="1,1,0,1,52,1,54,1,53,0" doraHai="77" doraHaiUra="53" who="2" fromWho="2" sc="90,-41,312,-41,213,133,375,-41" /><INIT seed="6,3,0,3,1,135" ten="49,271,346,334" oya="2" hai0="65,123,57,22,88,7,56,116,126,5,112,0,13" hai1="37,101,110,48,83,46,132,124,53,61,111,8,84" hai2="77,52,120,1,117,78,91,79,30,128,49,106,6" hai3="64,45,31,20,4,134,97,9,93,36,108,96,103"/><V82/><F120/><W21/><G134/><T67/><D123/><U24/><E132/><V43/><F106/><W44/><G108/><T100/><D100/><U35/><E101/><V95/><F117/><W28/><G64/><T81/><D116/><U71/><E37/><V121/><F30/><N who="3" m="11307" /><G36/><T58/><D112/><U72/><E72/><V130/><F43/><W16/><G97/><T99/><D99/><U42/><E24/><V113/><F121/><W54/><G54/><T2/><D22/><N who="3" m="8809" /><G4/><T39/><D39/><N who="1" m="21855" /><E35/><V105/><F105/><W102/><G103/><T63/><D13/><AGARI ba="3,0" hai="9,13,16,44,45,93,96,102" m="8809,11307" machi="13" ten="30,2000,0" yaku="8,1,54,1" doraHai="135" who="3" fromWho="0" sc="49,-29,271,0,346,0,334,29" /><INIT seed="7,0,0,0,0,66" ten="20,271,346,363" oya="3" hai0="14,120,13,27,89,93,68,92,12,82,33,10,91" hai1="116,85,46,60,67,8,104,77,126,76,18,49,57" hai2="134,25,28,111,95,102,71,40,97,59,117,31,53" hai3="110,44,62,74,34,65,9,109,119,47,73,90,7"/><W61/><G119/><T114/><D114/><U75/><E75/><N who="3" m="28682" /><G34/><T51/><D120/><U48/><E104/><V81/><F117/><W6/><G90/><T56/><D33/><U70/><E116/><V38/><F111/><N who="3" m="42507" /><G7/><T5/><D5/><U107/><E107/><V94/><F134/><W26/><G26/><T43/><D27/><U103/><E103/><V108/><F108/><W78/><G78/><T0/><D0/><U79/><E126/><V113/><F113/><W17/><G17/><T15/><N who="0" m="3072" /><DORA hai="55" /><T128/><D43/><U30/><E8/><V123/><F123/><W39/><G39/><T52/><D82/><U106/><E18/><V124/><F81/><W112/><G112/><T64/><D10/><U84/><E106/><V99/><F40/><W96/><G96/><T54/><D128/><U86/><E30/><V45/><F38/><W24/><G24/><T32/><D32/><U35/><E35/><V50/><F25/><W20/><G20/><T130/><D130/><U135/><E135/><V21/><F21/><W131/><G131/><T4/><D4/><U100/><E100/><V19/><F102/><W42/><G42/><T125/><D125/><U16/><E16/><V11/><F19/><W41/><G41/><T63/><REACH who="0" step="1"/><D54/><REACH who="0" step="2"/><U3/><E3/><V98/><F53/><W129/><G9/><T122/><D122/><U72/><E72/><V2/><F11/><W127/><G6/><T1/><D1/><U58/><REACH who="1" step="1"/><E46/><REACH who="1" step="2"/><V37/><F2/><W101/><G47/><T88/><AGARI ba="0,2" hai="51,52,56,63,64,68,88,89,91,92,93" m="3072" machi="88" ten="50,12000,2" yaku="1,1,0,1,52,2,54,2,53,0" doraHai="66,55" doraHaiUra="115,22" who="0" fromWho="0" sc="10,140,261,-30,346,-30,363,-60" owari="150,-35,231,-17,316,42,303,10" /></mjloggm>