<mjloggm ver="2.3"><GO type="225"/><UN n0="%61%6C%75%63%61%72%64" n1="%6D%61%63%6A%72" n2="%E9%9D%92%E5%B1%B1%E5%AD%A6%E9%99%A2%EF%BC%94%E5%B9%B4" n3="%E9%85%8D%E5%9B%9E%E9%99%8D%E6%B5%81" dan="16,16,17,16" rate="2100,2052,2061,2102" sx="M,F,F,M"/><TAIKYOKU oya="0"/><INIT seed="0,0,0,0,2,109" ten="250,250,250,250" oya="0" hai0="88,4,103,87,92,47,44,84,35,19,117,71,80" hai1="130,113,95,93,5,45,3,46,63,66,53,119,7" hai2="75,114,100,16,89,17,129,48,65,90,99,135,83" hai3="111,38,134,70,36,108,40,97,18,105,125,56,55"/><T78/><D71/><U27/><E119/><V8/><F129/><W131/><G70/><T62/><D117/><U52/><E130/><V34/><F34/><W49/><G131/><T61/><D35/><U94/><E27/><V72/><F65/><W124/><G18/><T123/><D123/><U67/><E113/><V9/><F48/><W133/><G105/><T120/><D120/><U127/><E127/><N who="3" m="48714" /><G97/><N who="0" m="59815" /><D4/><N who="1" m="1611" /><E3/><V112/><F99/><W26/><G26/><T31/><D31/><U33/><E33/><V15/><F100/><W21/><G21/><T82/><D19/><U104/><E104/><V73/><F135/><N who="3" m="51723" /><G40/><T2/><D2/><U24/><E24/><V28/><F28/><W0/><G0/><T12/><D12/><U81/><E81/><V74/><N who="2" m="18432" /><DORA hai="86" /><V116/><F116/><W96/><G96/><T23/><D23/><U59/><E66/><V54/><F83/><W121/><G121/><T110/><D110/><AGARI ba="0,0" hai="36,38,49,55,56,108,110,111" m="51723,48714" machi="110" ten="40,8000,1" yaku="14,1,18,1,20,1,34,2" doraHai="109,86" who="3" fromWho="0" sc="250,-80,250,0,250,0,250,80" /><INIT seed="1,0,0,1,5,63" ten="170,250,250,330" oya="1" hai0="101,1,117,86,88,125,53,35,61,48,68,103,79" hai1="116,76,84,131,47,107,78,37,95,57,45,54,38" hai2="25,62,127,7,29,23,28,56,4,12,105,130,30" hai3="87,124,102,119,6,83,15,97,10,44,123,20,115"/><U112/><E107/><V81/><F105/><W91/><G123/><T96/><D35/><U34/><E112/><V18/><F127/><W110/><G115/><T52/><D1/><U17/><E116/><V89/><F130/><W50/><G119/><T19/><D125/><U36/><E34/><V99/><F12/><W108/><G124/><T128/><D117/><U16/><E131/><V49/><F49/><W39/><G20/><T8/><D128/><U80/><E78/><V32/><F32/><W9/><G39/><T3/><D79/><U126/><E126/><V134/><F134/><W33/><G33/><T40/><D3/><U90/><E47/><V59/><F56/><W11/><G102/><N who="0" m="38923" /><D68/><U60/><REACH who="1" step="1"/><E45/><REACH who="1" step="2"/><V82/><F30/><W31/><G31/><T129/><D129/><U69/><E69/><V67/><F29/><W42/><G97/><AGARI ba="0,1" hai="16,17,36,37,38,54,57,60,76,80,84,90,95,97" machi="97" ten="40,3900,0" yaku="1,1,54,1,53,0" doraHai="63" doraHaiUra="113" who="1" fromWho="3" sc="170,0,240,49,250,0,330,-39" /><INIT seed="1,1,0,0,4,87" ten="170,289,250,291" oya="1" hai0="126,8,102,76,40,54,10,101,63,32,119,59,116" hai1="16,99,115,70,14,104,129,24,93,72,77,133,124" hai2="5,33,35,122,15,50,81,34,125,74,9,106,82" hai3="123,89,91,26,62,117,51,3,58,83,86,29,0"/><U127/><E115/><V105/><F122/><W97/><G123/><T43/><D32/><U78/><E70/><V108/><F108/><W53/><G117/><T2/><D126/><N who="1" m="48171" /><E104/><V120/><F120/><W47/><G97/><T23/><D119/><U73/><E24/><V66/><F125/><W79/><G0/><T65/><D116/><U25/><E25/><V49/><F66/><W85/><G3/><T134/><D134/><U37/><E37/><V17/><F17/><W100/><G100/><T112/><D112/><U7/><E7/><V46/><F50/><W28/><G86/><T20/><D76/><N who="1" m="29291" /><E129/><V128/><F128/><W13/><G13/><T84/><D2/><U6/><E6/><V75/><F106/><W4/><G4/><T111/><D111/><U27/><E27/><V67/><F105/><W92/><G92/><T109/><D109/><U90/><E133/><V71/><F71/><W118/><G118/><T21/><D84/><U18/><E18/><V52/><REACH who="2" step="1"/><F67/><REACH who="2" step="2"/><N who="3" m="39383" /><G26/><T22/><D65/><U96/><E96/><V110/><F110/><W80/><G80/><AGARI ba="1,1" hai="5,9,15,33,34,35,46,49,52,74,75,80,81,82" machi="80" ten="40,2600,0" yaku="1,1,54,1,53,0" doraHai="87" doraHaiUra="88" who="2" fromWho="3" sc="170,0,289,0,240,39,291,-29" /><INIT seed="2,0,0,4,1,34" ten="170,289,279,262" oya="2" hai0="77,21,18,58,125,134,110,72,46,62,84,60,97" hai1="91,106,78,113,132,74,109,42,17,32,49,38,30" hai2="129,36,115,73,29,35,88,52,39,120,124,31,85" hai3="76,3,70,123,99,64,4,89,107,11,9,81,103"/><V96/><F115/><W50/><G123/><T133/><D72/><U27/><E113/><V108/><F120/><W16/><G89/><T122/><D122/><U57/><E106/><V41/><F73/><W45/><G70/><T20/><D110/><U51/><E109/><V2/><F108/><W28/><G64/><T87/><D125/><U111/><E132/><V112/><F112/><W114/><G28/><T66/><D46/><U63/><E111/><V23/><F35/><W25/><G114/><T44/><D44/><U48/><E38/><V54/><F96/><W8/><G25/><T118/><D118/><U15/><E78/><V86/><F124/><W116/><G116/><T13/><D77/><U68/><E68/><V53/><F129/><W131/><G131/><T19/><D97/><U102/><E102/><V69/><F69/><W0/><G16/><T128/><D128/><U37/><E74/><V7/><F86/><W98/><G98/><T24/><REACH who="0" step="1"/><D62/><REACH who="0" step="2"/><U1/><E63/><V56/><F85/><AGARI ba="0,1" hai="13,18,19,20,21,24,58,60,66,84,85,87,133,134" machi="85" ten="40,2600,0" yaku="1,1,2,1,53,0" doraHai="34" doraHaiUra="135" who="0" fromWho="2" sc="160,36,289,0,279,-26,262,0" /><INIT seed="3,0,0,1,2,110" ten="196,289,253,262" oya="3" hai0="89,27,133,57,23,15,63,91,55,77,67,114,108" hai1="135,12,48,62,32,88,26,78,31,90,52,121,28" hai2="122,127,16,99,44,35,109,80,124,71,58,97,115" hai3="83,125,19,54,102,17,70,2,6,3,39,76,93"/><W53/><G70/><T30/><D108/><U43/><E121/><V85/><F71/><W10/><G39/><T117/><D117/><U18/><E135/><V9/><F109/><W104/><G104/><T47/><D133/><U45/><E78/><V60/><F122/><W79/><G2/><T128/><D128/><U29/><E26/><V66/><F35/><W37/><G37/><T75/><D114/><U94/><E32/><V1/><F44/><W20/><G125/><N who="2" m="48201" /><F115/><W64/><G64/><T92/><D75/><U50/><E62/><V68/><F68/><W86/><G76/><T7/><D77/><U132/><E132/><V100/><F100/><W36/><G36/><T56/><D47/><N who="1" m="25727" /><E94/><V4/><F16/><W11/><G3/><T82/><D82/><U130/><E130/><V72/><F72/><W14/><G10/><AGARI ba="0,0" hai="10,12,18,28,29,31,45,50,52,88,90" m="25727" machi="10" ten="30,3900,0" yaku="8,1,54,2" doraHai="110" who="1" fromWho="3" sc="196,0,289,39,253,0,262,-39" owari="196,-30,328,43,253,5,223,-18" /></mjloggm>