<mjloggm ver="2.3"><GO type="225"/><UN n0="%E7%AE%A1%E5%AF%9D" n1="%6D%61%63%6A%72" n2="%E3%83%98%E3%83%9C%EF%BC%A0%E6%9D%B1%E9%A2%A8" n3="%E3%81%B3%E3%82%8A%E3%81%B3%E3%82%8A%E2%98%86%E3%83%93%E3%83%AA%E3%83%BC" dan="16,16,16,16" rate="2121,2058,2088,2135" sx="M,F,M,M"/><TAIKYOKU oya="0"/><INIT seed="0,0,0,3,4,22" ten="250,250,250,250" oya="0" hai0="135,105,79,131,71,21,65,91,129,51,62,37,20" hai1="124,41,31,17,38,67,122,45,113,72,114,40,108" hai2="97,117,36,96,80,11,3,83,82,116,90,92,93" hai3="99,24,15,128,42,111,125,118,5,133,4,13,109"/><T77/><D37/><U50/><E72/><V127/><F36/><W76/><G118/><N who="2" m="45673" /><F11/><W88/><G76/><N who="0" m="29259" /><D105/><U85/><E31/><V61/><F61/><W44/><G13/><T26/><D135/><U29/><E29/><V12/><F12/><W119/><G119/><T112/><D112/><N who="1" m="43115" /><E17/><V103/><F3/><W134/><G128/><N who="0" m="49227" /><D91/><U16/><E122/><V86/><F127/><W132/><G125/><T102/><D102/><AGARI ba="0,0" hai="80,82,83,86,90,92,93,96,97,102,103" m="45673" machi="102" ten="30,3900,0" yaku="12,1,34,2" doraHai="22" who="2" fromWho="0" sc="250,-39,250,0,250,39,250,0" /><INIT seed="1,0,0,1,0,75" ten="211,250,289,250" oya="1" hai0="7,93,6,123,29,108,0,13,134,130,48,84,78" hai1="96,4,119,124,69,24,30,44,99,127,41,32,82" hai2="5,3,35,43,104,33,109,97,11,83,47,55,86" hai3="53,20,77,81,105,95,17,61,52,110,118,31,115"/><U49/><E119/><V67/><F67/><W14/><G110/><T79/><D108/><U114/><E114/><V70/><F70/><W131/><G105/><T122/><D134/><U25/><E69/><V129/><F129/><W36/><G36/><T98/><D130/><U65/><E65/><V46/><F109/><W107/><G107/><T100/><D0/><U120/><E120/><N who="0" m="46121" /><D29/><U117/><E117/><V113/><F113/><W94/><G131/><T126/><D126/><N who="1" m="48171" /><E4/><N who="0" m="1577" /><D13/><U85/><E25/><V89/><F55/><W132/><G132/><T73/><D73/><U87/><E87/><V34/><REACH who="2" step="1"/><F43/><REACH who="2" step="2"/><W133/><G115/><T92/><D48/><U8/><E8/><V18/><F18/><W15/><G17/><T121/><D121/><U71/><E71/><V22/><F22/><W62/><G20/><T12/><D12/><U125/><E125/><V37/><F37/><W56/><G133/><T21/><D21/><U91/><AGARI ba="0,1" hai="24,30,32,41,44,49,82,85,91,96,99" m="48171" machi="91" ten="30,1500,0" yaku="18,1" doraHai="75" who="1" fromWho="1" sc="211,-5,250,25,279,-5,250,-5" /><INIT seed="1,1,0,5,1,0" ten="206,275,274,245" oya="1" hai0="134,56,78,94,114,49,87,76,131,74,71,14,129" hai1="43,25,38,90,72,67,24,63,42,98,73,103,54" hai2="35,80,106,95,16,22,127,116,109,10,85,61,9" hai3="40,28,50,125,23,65,52,60,92,32,59,132,62"/><U21/><E54/><V107/><F35/><W108/><G108/><T117/><D114/><U58/><E90/><V99/><F116/><W119/><G119/><T41/><D117/><U84/><E84/><V39/><F39/><W133/><G32/><T20/><D71/><U86/><E86/><V30/><F30/><W88/><G125/><T111/><D111/><U11/><E25/><V121/><F109/><W27/><G40/><T110/><D110/><U75/><E38/><V115/><F115/><W47/><REACH who="3" step="1"/><G62/><REACH who="3" step="2"/><T4/><D134/><U15/><E21/><V7/><F127/><W82/><G82/><T36/><D41/><U104/><REACH who="1" step="1"/><E24/><REACH who="1" step="2"/><V19/><F121/><W81/><G81/><T55/><D76/><U70/><E70/><V34/><F80/><W51/><G51/><T57/><D78/><U122/><E122/><V53/><F34/><W102/><G102/><T112/><D36/><U31/><E31/><V37/><F37/><W96/><AGARI ba="1,2" hai="23,27,28,47,50,52,59,60,65,88,92,96,132,133" machi="96" ten="30,7900,0" yaku="1,1,0,1,54,2,53,0" doraHai="0" doraHaiUra="135" who="3" fromWho="3" sc="206,-21,265,-40,274,-21,235,102" /><INIT seed="2,0,0,2,1,90" ten="185,225,253,337" oya="2" hai0="18,115,52,132,80,15,51,22,70,66,48,107,91" hai1="96,42,102,133,94,34,56,7,3,32,61,130,86" hai2="72,110,85,16,120,20,122,6,74,63,81,41,77" hai3="119,31,109,36,68,88,9,12,69,100,62,76,13"/><V127/><F127/><W117/><G36/><T124/><D115/><U71/><E71/><V116/><F116/><W75/><G69/><T33/><D132/><U11/><E133/><V29/><F74/><W95/><G100/><T108/><D33/><U106/><E130/><V57/><F110/><W54/><G109/><T4/><D108/><U78/><E42/><V47/><F29/><W123/><G123/><T1/><D107/><U128/><E128/><V93/><F6/><W49/><G31/><T8/><D124/><U27/><E27/><V37/><F72/><W113/><G113/><T60/><D48/><U134/><E134/><V126/><F93/><W59/><G13/><T111/><D111/><U25/><E25/><V50/><F37/><W104/><G104/><T28/><D28/><U118/><E118/><V19/><F126/><W135/><G135/><T98/><D80/><U55/><REACH who="1" step="1"/><E106/><REACH who="1" step="2"/><V2/><F2/><W17/><G68/><T39/><D39/><U10/><E10/><V23/><F120/><W5/><G119/><T87/><D98/><U14/><E14/><V35/><F122/><W83/><G117/><T112/><D112/><U64/><E64/><N who="2" m="39023" /><F35/><W45/><G12/><T26/><D1/><U103/><E103/><V114/><F114/><W65/><G9/><T84/><REACH who="0" step="1"/><D91/><REACH who="0" step="2"/><U121/><E121/><V43/><F43/><N who="3" m="24767" /><G88/><T82/><D82/><AGARI ba="0,2" hai="3,7,11,32,34,55,56,61,78,82,86,94,96,102" machi="82" ten="40,2600,0" yaku="1,1,52,1,53,0" doraHai="90" doraHaiUra="131" who="1" fromWho="0" sc="175,-26,215,46,253,0,337,0" /><INIT seed="3,0,0,3,1,126" ten="149,261,253,337" oya="3" hai0="26,71,7,99,12,20,121,111,95,101,50,96,127" hai1="119,37,53,40,49,48,70,0,47,41,4,85,105" hai2="44,14,114,6,34,88,98,87,79,13,102,58,97" hai3="78,32,60,104,17,23,18,84,22,132,2,73,122"/><W45/><G122/><T59/><D121/><U64/><E105/><V89/><F114/><W9/><G104/><T107/><D127/><U120/><E120/><V130/><F34/><W123/><G73/><T61/><D111/><U106/><E106/><V38/><F79/><W124/><G32/><T5/><D12/><U125/><E125/><V94/><F130/><W90/><G132/><T25/><D25/><U91/><E119/><V83/><F6/><W72/><G78/><T63/><D63/><U11/><E70/><V27/><F27/><W110/><G2/><T82/><D82/><U42/><E64/><V80/><F58/><W19/><G45/><T128/><D50/><U30/><E30/><V56/><F56/><W100/><G60/><T52/><D71/><U75/><E75/><V109/><F109/><W135/><G72/><T39/><D39/><U31/><E31/><V69/><F69/><W65/><G65/><T129/><D96/><U76/><E76/><V1/><F1/><W112/><G124/><T117/><D117/><U10/><E10/><V67/><F67/><W134/><G9/><T66/><D107/><U115/><E115/><V33/><F33/><W28/><G112/><T108/><D108/><U8/><E8/><V133/><F133/><W62/><G110/><T16/><D66/><U116/><E37/><V36/><F97/><W131/><G123/><T93/><D95/><N who="1" m="54767" /><E116/><V15/><F44/><W35/><G135/><T21/><D21/><U43/><N who="1" m="10240" /><DORA hai="81" /><U103/><E49/><V46/><F46/><W55/><G134/><T86/><D86/><AGARI ba="0,0" hai="13,14,15,36,38,80,83,86,87,88,89,94,98,102" machi="86" ten="40,8000,1" yaku="6,1,9,1,52,2,54,1" doraHai="126,81" who="2" fromWho="0" sc="149,-80,261,0,253,80,337,0" owari="69,-43,261,-14,333,13,337,44" /></mjloggm>