<mjloggm ver="2.3"><GO type="169"/><UN n0="%E3%81%93%E3%81%AE%E3%81%8D%E3%83%BC" n1="%6B%6B%31%32%35" n2="%E5%BB%89%E5%A4%AA%E9%83%8E" n3="%E3%81%9F%E3%81%8B%E3%81%B2%E3%82%8D%EF%BC%8A%E7%A0%94%E7%A9%B6%E9%A4%A8" dan="18,16,16,16" rate="2179,2036,2107,2051" sx="M,M,M,M"/><TAIKYOKU oya="0"/><INIT seed="0,0,0,0,1,47" ten="250,250,250,250" oya="0" hai0="74,14,130,89,3,52,11,91,123,134,112,107,1" hai1="54,83,116,125,122,120,77,102,109,131,104,50,27" hai2="38,37,118,76,2,90,101,33,8,71,92,75,21" hai3="36,25,103,22,95,28,96,13,87,73,94,84,80"/><T45/><D123/><U26/><E116/><V20/><F33/><W29/><G36/><T4/><D112/><U9/><E125/><V18/><F71/><W115/><G115/><T46/><D107/><U85/><E131/><V58/><F101/><W7/><G73/><T119/><D74/><U105/><E109/><V64/><F118/><W127/><G127/><T60/><D119/><U111/><E111/><V55/><F64/><W39/><G39/><T6/><D130/><U121/><E9/><V17/><F76/><W72/><G72/><T31/><D31/><U35/><E35/><V19/><F75/><W43/><G43/><T57/><D134/><U15/><E15/><V126/><F126/><W10/><G29/><T44/><REACH who="0" step="1"/><D6/><REACH who="0" step="2"/><U5/><E5/><V56/><F18/><W24/><G7/><T117/><D117/><U48/><E105/><V106/><F19/><W32/><G28/><T132/><D132/><U79/><E104/><V88/><F106/><W12/><G32/><T51/><D51/><U133/><E133/><V70/><F17/><W86/><G80/><T135/><D135/><U65/><E122/><V40/><F38/><W23/><G10/><T78/><D78/><U129/><E79/><V30/><F8/><W69/><G25/><N who="1" m="9226" /><E129/><V124/><F37/><W16/><G24/><T93/><D93/><U113/><E113/><V82/><F92/><W114/><G94/><T97/><D97/><U49/><E121/><V81/><F30/><W63/><G114/><T100/><D100/><U41/><E120/><V0/><F124/><W98/><G96/><RYUUKYOKU ba="0,1" sc="240,30,250,-10,250,-10,250,-10" hai0="1,3,4,11,14,44,45,46,52,57,60,89,91" /><INIT seed="0,1,1,3,5,17" ten="270,240,240,240" oya="0" hai0="91,75,31,117,84,77,111,82,63,66,96,109,0" hai1="52,34,38,114,29,113,55,42,12,121,70,25,39" hai2="125,13,76,86,74,51,79,73,87,120,41,22,124" hai3="56,131,90,129,4,132,58,80,127,30,103,116,43"/><T92/><D0/><U36/><E121/><V93/><F120/><W115/><G115/><N who="1" m="44042" /><E70/><V85/><F41/><W9/><G116/><T126/><D31/><U19/><E42/><V32/><F32/><W123/><G123/><T35/><D35/><U46/><E46/><V5/><F51/><W20/><G103/><T107/><D117/><U15/><E15/><V16/><F5/><W69/><G69/><T68/><REACH who="0" step="1"/><D126/><REACH who="0" step="2"/><N who="2" m="48746" /><F93/><W135/><G127/><T60/><D60/><U21/><AGARI ba="1,2" hai="12,19,21,25,29,34,36,38,39,52,55" m="44042" machi="21" ten="40,5200,0" yaku="11,1,52,1,54,1" doraHai="17" who="1" fromWho="1" sc="260,-27,240,75,240,-14,240,-14" /><INIT seed="1,0,0,0,0,122" ten="233,315,226,226" oya="1" hai0="115,59,86,65,100,30,103,44,108,36,72,49,125" hai1="127,60,21,38,28,39,19,3,68,107,10,124,37" hai2="132,79,20,27,77,131,93,81,123,64,7,15,102" hai3="52,84,61,110,70,118,66,90,62,129,133,53,57"/><U130/><E107/><V91/><F123/><W58/><G118/><T96/><D72/><U40/><E130/><V99/><F131/><W56/><G129/><T120/><D120/><U109/><E28/><V114/><F132/><W87/><G133/><T121/><D36/><U1/><E40/><V4/><F114/><W116/><G116/><T89/><D125/><N who="1" m="48203" /><E10/><V71/><F91/><W47/><G110/><T26/><D108/><U97/><E97/><V41/><F41/><W33/><G33/><T67/><D96/><U14/><E109/><V46/><F15/><W24/><G24/><T74/><D74/><U128/><E128/><V82/><F46/><W9/><G9/><T83/><D115/><U34/><E34/><V113/><F113/><W50/><REACH who="3" step="1"/><G87/><REACH who="3" step="2"/><T11/><D11/><U8/><E8/><V112/><F112/><W101/><G101/><T117/><D117/><U16/><E19/><V98/><F102/><W32/><G32/><T22/><D121/><U69/><E68/><V6/><F71/><W106/><G106/><T31/><D103/><U54/><E69/><V135/><F135/><W5/><G5/><T18/><D100/><U80/><E1/><V95/><F4/><W51/><G51/><T55/><D18/><U42/><E3/><V111/><F111/><W48/><G48/><N who="0" m="31207" /><D31/><U105/><E105/><V73/><F73/><W88/><G88/><T13/><D13/><U12/><E12/><V0/><F0/><W29/><G29/><T78/><D89/><U23/><E39/><V17/><F6/><W85/><G85/><T2/><D2/><RYUUKYOKU ba="0,1" sc="233,15,315,-15,226,-15,216,15" hai0="22,26,30,44,49,65,67,78,83,86" hai3="47,50,52,53,56,57,58,61,62,66,70,84,90" /><INIT seed="2,1,1,4,1,36" ten="248,300,211,231" oya="2" hai0="110,134,13,117,10,3,104,41,101,131,125,82,90" hai1="121,96,93,120,71,69,94,80,95,54,5,46,64" hai2="25,58,113,57,34,7,72,11,102,24,126,70,62" hai3="73,130,122,20,109,60,75,37,4,47,27,129,114"/><V59/><F113/><W16/><G122/><N who="1" m="47210" /><E5/><V133/><F72/><W124/><G109/><T19/><D3/><U119/><E119/><V84/><F133/><W116/><G116/><T44/><D110/><U42/><E54/><V67/><F126/><W56/><G124/><T88/><D134/><U31/><E31/><V21/><F34/><W123/><G4/><T17/><D125/><U63/><E80/><V1/><F21/><W14/><G27/><T35/><D35/><U0/><E0/><V26/><F102/><W65/><G123/><T2/><D2/><U100/><E71/><V23/><F23/><W135/><G135/><T29/><D29/><U8/><E8/><V79/><F79/><W132/><G132/><T106/><D17/><U107/><E107/><V87/><AGARI ba="1,1" hai="1,7,11,24,25,26,57,58,59,62,67,70,84,87" machi="87" ten="40,2100,0" yaku="0,1" doraHai="36" who="2" fromWho="2" sc="248,-8,300,-8,211,34,231,-8" /><INIT seed="2,2,0,1,2,107" ten="240,292,245,223" oya="2" hai0="109,102,99,3,71,70,23,22,100,125,87,8,88" hai1="4,124,108,79,118,13,135,67,69,84,101,119,126" hai2="45,55,26,46,105,37,78,73,52,96,30,39,17" hai3="116,19,92,11,35,127,10,89,86,132,47,111,65"/><V51/><F17/><W1/><G111/><T62/><D109/><U49/><E108/><V117/><F117/><W74/><G132/><T64/><D71/><U9/><E135/><V133/><F133/><W66/><G116/><T38/><D38/><U85/><E101/><V61/><F105/><W91/><G74/><T18/><D125/><N who="1" m="48235" /><E84/><V131/><F96/><W50/><G127/><T110/><D110/><U32/><E32/><V60/><F131/><W122/><G122/><T2/><D23/><U76/><E76/><V25/><F78/><W31/><G31/><T68/><D68/><U106/><E106/><V27/><F30/><W44/><G35/><T130/><D130/><U115/><E115/><V57/><F73/><W129/><G129/><T41/><D41/><U98/><E98/><V128/><F128/><W94/><G1/><T93/><D8/><U0/><E0/><V15/><F15/><W28/><G28/><T72/><D102/><U6/><E6/><V112/><F112/><W48/><REACH who="3" step="1"/><G86/><REACH who="3" step="2"/><T103/><D72/><U113/><E113/><V90/><F39/><W77/><G77/><T5/><D87/><U104/><E85/><V29/><F37/><W114/><G114/><T43/><D2/><U21/><E79/><V75/><F29/><W14/><G14/><T83/><D3/><U59/><E119/><V12/><F75/><W16/><AGARI ba="2,1" hai="10,11,16,19,44,47,48,50,65,66,89,91,92,94" machi="16" ten="25,12000,2" yaku="1,1,0,1,22,2,8,1,54,1,53,0" doraHai="107" doraHaiUra="33" who="3" fromWho="3" sc="240,-32,292,-32,245,-62,213,136" /><INIT seed="3,0,0,1,3,110" ten="208,260,183,349" oya="3" hai0="62,131,79,66,46,85,0,26,33,115,41,16,134" hai1="111,49,23,25,35,80,98,50,6,18,73,117,69" hai2="75,71,116,103,17,74,101,88,97,113,64,47,124" hai3="123,107,42,21,86,100,135,76,15,3,20,38,40"/><W39/><G3/><T9/><D134/><U70/><E117/><V37/><F116/><W89/><G123/><T114/><D131/><U77/><E111/><V68/><F124/><W34/><G34/><T28/><D79/><U24/><E6/><V5/><F5/><W61/><G76/><T96/><D85/><U132/><E132/><V57/><F17/><W119/><G42/><T82/><D82/><U4/><E4/><V127/><F127/><W105/><G107/><T11/><D96/><U125/><E125/><V121/><F121/><W2/><G2/><T32/><D32/><U22/><E35/><V78/><F97/><W14/><G61/><T106/><D106/><U133/><E133/><V36/><F78/><W13/><G135/><T63/><D0/><U126/><E126/><V65/><F57/><W90/><G119/><T54/><D54/><U72/><E98/><V122/><F122/><W91/><G86/><T51/><D63/><U130/><E130/><V19/><F19/><W58/><G58/><N who="0" m="37207" /><D16/><U104/><E104/><V95/><F95/><W67/><G105/><T102/><D102/><U93/><E93/><V43/><F43/><W84/><G100/><T10/><D10/><U128/><E128/><V60/><F60/><W109/><G109/><T27/><D27/><U108/><E108/><V53/><F53/><W92/><G92/><T52/><D41/><U44/><E73/><V120/><F120/><W94/><G84/><T83/><D83/><U55/><E49/><V81/><F81/><W7/><G94/><T12/><D9/><U87/><E72/><RYUUKYOKU ba="0,0" sc="208,15,260,15,183,-15,349,-15" hai0="11,12,26,28,33,46,51,52,114,115" hai1="18,22,23,24,25,44,50,55,69,70,77,80,87" /><INIT seed="4,1,0,2,0,114" ten="223,275,168,334" oya="0" hai0="89,108,15,73,83,53,17,35,87,68,74,100,7" hai1="40,111,13,76,21,119,39,122,23,71,101,51,50" hai2="42,31,5,65,85,133,103,22,92,82,9,86,131" hai3="91,72,124,88,32,63,121,61,127,77,102,118,66"/><T25/><D108/><U78/><E71/><V49/><F131/><W129/><G118/><T2/><D68/><U20/><E101/><V97/><F133/><W123/><G129/><T37/><D37/><U132/><E39/><V16/><F65/><W34/><G102/><T29/><D100/><U94/><E94/><V126/><F126/><N who="3" m="48171" /><G77/><T46/><D7/><U120/><E40/><V80/><F31/><W6/><G6/><T81/><D2/><U59/><E59/><V117/><F117/><W38/><G72/><T19/><D83/><U128/><E128/><V99/><F99/><W26/><G38/><T44/><D19/><U1/><E1/><V98/><F98/><W45/><G45/><T64/><D64/><U48/><E13/><N who="2" m="5295" /><F82/><W67/><G26/><T57/><D74/><U58/><E58/><V8/><F8/><W0/><G0/><T36/><D73/><U113/><E119/><V33/><F33/><N who="3" m="12907" /><G67/><T52/><D36/><U106/><E122/><N who="3" m="46602" /><G63/><T27/><D27/><U24/><E120/><V56/><F103/><W55/><G55/><T62/><REACH who="0" step="1"/><D53/><REACH who="0" step="2"/><U135/><E111/><V4/><F4/><W75/><G75/><T104/><D104/><U116/><E106/><V105/><F105/><W134/><G134/><N who="1" m="51242" /><E116/><V14/><F92/><W70/><AGARI ba="1,1" hai="61,66,70,88,91" m="46602,12907,48171" machi="70" ten="40,5200,0" yaku="18,1,13,1,54,1" doraHai="114" who="3" fromWho="3" sc="213,-27,275,-14,168,-14,334,65" /><INIT seed="5,0,0,3,0,131" ten="186,261,154,399" oya="1" hai0="7,101,93,54,111,55,45,128,11,0,31,99,38" hai1="102,114,70,58,14,41,134,85,84,20,121,21,56" hai2="42,29,74,23,88,119,63,77,80,109,118,126,83" hai3="47,100,36,124,66,48,17,49,30,75,112,122,90"/><U133/><E121/><V87/><F109/><W91/><G112/><T1/><D111/><U72/><E72/><V52/><F126/><W37/><G124/><T103/><D1/><U105/><E70/><V19/><F29/><W125/><G125/><T25/><D128/><U123/><E123/><V92/><F42/><W44/><G122/><T130/><D130/><U16/><E41/><V120/><F83/><W73/><G30/><T6/><D6/><U104/><E114/><V96/><F74/><W43/><G43/><T13/><D0/><U24/><E102/><V76/><F76/><W108/><G108/><T33/><D38/><U127/><E127/><V132/><F132/><N who="1" m="50793" /><E84/><V26/><F120/><W50/><G100/><T59/><D103/><U46/><E46/><V81/><F81/><W62/><G47/><T61/><D45/><U79/><E79/><V115/><F115/><W3/><G44/><T12/><D12/><U67/><E85/><V110/><F110/><W64/><G73/><T57/><D57/><AGARI ba="0,0" hai="19,23,26,52,57,63,77,80,87,88,92,96,118,119" machi="57" ten="40,8000,1" yaku="25,2,54,2" doraHai="131" who="2" fromWho="0" sc="186,-80,261,0,154,80,399,0" /><INIT seed="6,0,0,4,1,2" ten="106,261,234,399" oya="2" hai0="64,80,19,24,6,91,123,114,86,11,99,76,52" hai1="37,129,120,135,31,22,66,82,131,112,57,8,127" hai2="60,104,106,5,55,39,1,105,38,128,122,0,133" hai3="130,3,107,121,21,18,16,47,14,119,79,42,94"/><V125/><F122/><W40/><G121/><T59/><D114/><U50/><E120/><V17/><F0/><W13/><G3/><T134/><D134/><U73/><E37/><V43/><F133/><W67/><G107/><T29/><D123/><U77/><E135/><V33/><F33/><W72/><G119/><T15/><D64/><U75/><E112/><V4/><F1/><W116/><G116/><T49/><D99/><U83/><E127/><V70/><F125/><W23/><G130/><N who="1" m="49674" /><E8/><V26/><F128/><W36/><G67/><T113/><D113/><U118/><E118/><V71/><F71/><W32/><G32/><T93/><D29/><U69/><E69/><V46/><F39/><W30/><G30/><T12/><D24/><U7/><E7/><V84/><F70/><W56/><G56/><T103/><D103/><U95/><E95/><V100/><F100/><W81/><G40/><T54/><D54/><U109/><E109/><V126/><F126/><W28/><G28/><T74/><REACH who="0" step="1"/><D15/><REACH who="0" step="2"/><U61/><E66/><V58/><F26/><W48/><G94/><T20/><D20/><U53/><E22/><V34/><F34/><W87/><G72/><T98/><D98/><U111/><E31/><V10/><REACH who="2" step="1"/><F84/><REACH who="2" step="2"/><W108/><G108/><T124/><D124/><U41/><E111/><V45/><F45/><W68/><G68/><T35/><D35/><U65/><E75/><V101/><F101/><W110/><G110/><T92/><D92/><U96/><E73/><V63/><F63/><W9/><G9/><T132/><D132/><U62/><E61/><RYUUKYOKU ba="0,2" sc="96,10,261,-30,224,10,399,10" hai0="6,11,12,19,49,52,59,74,76,80,86,91,93" hai2="4,5,10,17,38,43,46,55,58,60,104,105,106" hai3="13,14,16,18,21,23,36,42,47,48,79,81,87" /><INIT seed="6,1,2,3,3,104" ten="106,231,234,409" oya="2" hai0="20,84,56,114,105,97,2,17,101,99,113,94,22" hai1="122,7,36,111,80,4,125,33,46,29,28,134,37" hai2="25,13,61,6,126,96,3,73,49,21,119,107,63" hai3="70,82,72,32,87,57,90,39,118,68,133,12,41"/><V124/><F119/><W100/><G118/><T44/><D2/><U45/><E111/><V78/><F3/><W30/><G133/><T98/><D44/><U58/><E33/><V52/><F13/><W54/><G72/><T11/><D11/><U26/><E26/><V16/><F6/><W89/><G100/><T127/><D56/><U42/><E134/><V117/><F117/><W47/><G32/><T130/><D20/><U83/><E58/><V64/><F73/><W74/><G30/><T60/><D60/><U75/><E75/><V10/><F78/><W132/><G132/><T135/><D135/><U66/><E66/><V5/><F64/><W112/><G112/><N who="0" m="43115" /><D130/><U18/><E42/><V71/><F10/><W24/><G24/><N who="0" m="14415" /><D127/><N who="2" m="48682" /><F5/><W106/><G106/><T40/><D40/><U8/><E125/><V95/><F107/><W9/><G89/><AGARI ba="1,2" hai="84,89,94,97,98,99,101,105" m="14415,43115" machi="89" ten="30,1000,0" yaku="15,1" doraHai="104" who="0" fromWho="3" sc="106,33,231,0,234,0,409,-13" /><INIT seed="7,0,0,0,3,96" ten="139,231,234,396" oya="3" hai0="10,34,73,56,116,89,61,47,69,111,65,122,48" hai1="6,66,53,29,39,59,88,14,86,124,20,110,94" hai2="4,115,24,28,22,33,16,54,102,68,3,112,85" hai3="44,108,12,35,50,70,126,82,19,127,109,57,49"/><W36/><G57/><T76/><D34/><U123/><E123/><V42/><F68/><W132/><G19/><T2/><D122/><U106/><E110/><V15/><F42/><W130/><G49/><T5/><D111/><U103/><E39/><V77/><F102/><W129/><G12/><T114/><D116/><U91/><E124/><V80/><F54/><W11/><G50/><T58/><D114/><U32/><E32/><V74/><F74/><W46/><G11/><AGARI ba="0,0" hai="3,4,11,15,16,22,24,28,33,77,80,85,112,115" machi="11" ten="40,5200,0" yaku="24,2,54,1" doraHai="96" who="2" fromWho="3" sc="139,0,231,0,234,52,396,-52" owari="139,-36,231,-17,286,9,344,44" /></mjloggm>