<mjloggm ver="2.3"><GO type="169"/><UN n0="%E5%8F%82%E7%B3%BB%E5%A4%A7%E6%9C%AC%E5%96%B6" n1="%E6%9C%A7%E5%A4%8F%E6%9C%88" n2="%45%56%41%4E%53%49%55" n3="%E3%80%93%E3%81%84%E3%81%A1%E3%81%AF%E3%82%89%E3%80%93" dan="16,17,17,18" rate="2122,2186,2140,2186" sx="M,F,F,M"/><TAIKYOKU oya="0"/><INIT seed="0,0,0,4,4,100" ten="250,250,250,250" oya="0" hai0="103,107,44,122,114,16,69,70,112,51,24,13,105" hai1="106,7,116,12,74,104,48,3,46,77,120,96,47" hai2="125,132,45,20,115,67,73,42,111,75,49,108,117" hai3="85,68,72,88,81,39,43,102,8,79,17,97,2"/><T123/><D24/><U90/><E3/><V89/><F115/><W110/><G110/><N who="2" m="42025" /><F132/><W27/><G68/><T99/><D107/><U87/><E116/><V58/><F125/><W64/><G64/><T41/><D114/><U40/><E120/><V83/><F117/><W135/><G135/><T127/><D112/><U62/><E62/><N who="2" m="38359" /><F20/><W128/><G128/><T32/><D32/><U38/><E96/><V11/><F11/><W113/><G113/><T25/><D127/><U22/><E74/><V35/><F35/><W53/><G53/><T21/><REACH who="0" step="1"/><D25/><REACH who="0" step="2"/><U93/><E106/><V56/><F56/><W60/><G27/><T101/><D101/><U78/><E104/><V80/><F89/><W59/><G102/><T0/><D0/><U95/><E90/><V23/><F75/><W65/><G2/><T131/><D131/><U54/><E78/><V76/><F76/><W9/><G72/><T50/><D50/><U18/><E77/><V121/><F73/><W10/><G79/><T118/><D118/><U34/><E34/><V98/><F121/><AGARI ba="0,1" hai="13,16,21,41,44,51,69,70,99,103,105,121,122,123" machi="121" ten="40,7700,0" yaku="1,1,52,1,54,1,53,0" doraHai="100" doraHaiUra="86" who="0" fromWho="2" sc="240,87,250,0,250,-77,250,0" /><INIT seed="0,1,0,4,2,61" ten="327,250,173,250" oya="0" hai0="31,41,80,40,30,113,106,123,12,56,112,109,117" hai1="51,55,129,71,111,25,37,98,104,14,94,62,49" hai2="108,3,107,81,75,46,67,131,57,100,85,7,133" hai3="43,16,6,22,127,27,79,23,63,73,124,134,135"/><T76/><D123/><U82/><E37/><V50/><F108/><W97/><G43/><T103/><D117/><U15/><E104/><V59/><F133/><N who="3" m="50699" /><G73/><T121/><D121/><U115/><E111/><V96/><F131/><W10/><G79/><T8/><D109/><U91/><E129/><V114/><F75/><W4/><G97/><T11/><D106/><U110/><E115/><V99/><F114/><W53/><G63/><T35/><D103/><U1/><E1/><V66/><F96/><W87/><G53/><T2/><D112/><U116/><E116/><V34/><F34/><W48/><G48/><T88/><D113/><U29/><E51/><V44/><F44/><W130/><G87/><N who="0" m="50279" /><D35/><U28/><E49/><V60/><F60/><W77/><G77/><T5/><D2/><U118/><E62/><V17/><F57/><W93/><G93/><T20/><D76/><U45/><E94/><N who="2" m="58487" /><F59/><W84/><G84/><T86/><D86/><U122/><E110/><V54/><F107/><W19/><G130/><T32/><D32/><U21/><E122/><V13/><F7/><N who="3" m="2603" /><G10/><N who="0" m="4175" /><D56/><U38/><E98/><V18/><F3/><W128/><G128/><T102/><D102/><U125/><E118/><V120/><F120/><W70/><G70/><T52/><D41/><U64/><E71/><V78/><F13/><AGARI ba="1,0" hai="13,16,19,22,23,27,124,127" m="2603,50699" machi="13" ten="30,7700,0" yaku="20,1,34,2,54,1" doraHai="61" who="3" fromWho="2" sc="327,0,250,0,173,-80,250,80" /><INIT seed="1,0,0,3,5,60" ten="327,250,93,330" oya="1" hai0="2,59,100,118,111,51,20,55,64,94,117,79,7" hai1="26,132,17,103,32,133,40,12,96,88,90,75,72" hai2="69,54,123,99,101,10,9,86,134,35,53,41,52" hai3="68,31,71,44,63,48,28,14,113,80,4,119,24"/><U125/><E40/><V19/><F123/><W37/><G113/><T39/><D39/><U23/><E125/><V56/><F69/><W3/><G37/><T57/><D79/><U93/><E75/><V46/><F35/><W106/><G3/><T38/><D38/><U131/><E72/><V84/><F134/><N who="1" m="51817" /><E131/><V49/><F56/><W114/><G114/><T8/><D111/><U65/><E65/><V87/><REACH who="2" step="1"/><F19/><REACH who="2" step="2"/><W127/><G71/><T112/><D112/><U115/><E115/><V1/><F1/><W81/><G68/><T107/><D118/><U122/><E122/><V104/><AGARI ba="0,1" hai="9,10,41,46,49,52,53,54,84,86,87,99,101,104" machi="104" ten="30,4000,0" yaku="1,1,0,1,54,1,53,0" doraHai="60" doraHaiUra="67" who="2" fromWho="2" sc="327,-10,250,-20,83,50,330,-10" /><INIT seed="2,0,0,3,1,78" ten="317,230,133,320" oya="2" hai0="38,61,121,106,47,111,62,67,42,59,71,39,80" hai1="66,18,27,98,14,65,79,72,52,15,117,74,108" hai2="133,50,87,20,26,130,120,64,0,30,35,24,124" hai3="84,76,60,9,37,41,94,3,88,53,109,85,107"/><V123/><F124/><W1/><G109/><T56/><D106/><U34/><E117/><V32/><F0/><W116/><G107/><T100/><D100/><U63/><E108/><V119/><F119/><W4/><G116/><T58/><D111/><U95/><E34/><V75/><F75/><W132/><G132/><T102/><D102/><U21/><E74/><V11/><F133/><W92/><G37/><N who="0" m="21967" /><D80/><U51/><E79/><V110/><F110/><W89/><G41/><T105/><D105/><U127/><E72/><V48/><F64/><N who="1" m="24681" /><E63/><V129/><F11/><W54/><G60/><N who="0" m="40423" /><D121/><U114/><E114/><V83/><F20/><W118/><G118/><T29/><D29/><U103/><E127/><V31/><F87/><W57/><G57/><AGARI ba="0,0" hai="14,15,18,21,27,51,52,57,95,98,103" m="24681" machi="57" ten="30,2000,0" yaku="8,1,54,1" doraHai="78" who="1" fromWho="3" sc="317,0,230,20,133,0,320,-20" /><INIT seed="3,0,0,2,0,65" ten="317,250,133,300" oya="3" hai0="62,119,111,78,89,52,131,107,115,53,60,123,55" hai1="109,19,11,8,73,0,90,134,129,100,82,42,25" hai2="75,28,35,43,98,114,125,59,71,93,56,22,127" hai3="130,26,86,85,88,12,51,40,120,135,32,128,101"/><W103/><G120/><T29/><D123/><U5/><E109/><V113/><F75/><W70/><G12/><T126/><D119/><U7/><E129/><N who="3" m="49770" /><G86/><T66/><D131/><U46/><E134/><V117/><F35/><W38/><G38/><T44/><D111/><U112/><E100/><V83/><F83/><N who="3" m="49215" /><G135/><T69/><D107/><U9/><E112/><V108/><F108/><W24/><G70/><T15/><D115/><U67/><E73/><V102/><F117/><W64/><G64/><T54/><D29/><U47/><E67/><V116/><F116/><W91/><G91/><T74/><D126/><N who="2" m="48138" /><F113/><W110/><G110/><T61/><D78/><U33/><E90/><V68/><F114/><W10/><G10/><T49/><D89/><U80/><E9/><V133/><F133/><W41/><G40/><N who="0" m="24711" /><D15/><U106/><E42/><V96/><F43/><W14/><G14/><T104/><D74/><U21/><E8/><V84/><F84/><W124/><G124/><T27/><D104/><U4/><E106/><V48/><F98/><W92/><G92/><T17/><D27/><N who="3" m="10281" /><G32/><T18/><D18/><U77/><E33/><V95/><F93/><W37/><G37/><T36/><D17/><U39/><E39/><V76/><F28/><W94/><G94/><T121/><D121/><U31/><E31/><V2/><F76/><W97/><G97/><T79/><D36/><U50/><E77/><V13/><F13/><W34/><G34/><T3/><D79/><U63/><E11/><V58/><F95/><W20/><G20/><T57/><D3/><U23/><E0/><RYUUKYOKU ba="0,0" sc="317,15,250,-15,133,-15,300,15" hai0="52,53,54,55,57,60,61,62,66,69" hai3="41,51,101,103" /><INIT seed="3,1,0,2,5,70" ten="332,235,118,315" oya="3" hai0="43,118,18,117,127,113,132,28,42,98,91,61,93" hai1="32,119,121,12,26,74,65,64,45,115,36,111,7" hai2="102,66,85,10,134,21,128,78,23,106,107,99,88" hai3="122,11,56,57,6,129,25,58,135,96,68,19,50"/><W13/><G68/><T55/><D113/><U38/><E74/><V112/><F66/><W69/><G69/><T59/><D132/><U67/><E115/><V27/><F112/><W133/><G122/><T76/><D127/><U116/><E121/><V126/><F134/><N who="3" m="51211" /><G96/><T53/><D76/><U16/><E111/><V31/><F126/><W17/><G129/><T40/><D28/><N who="1" m="19479" /><E45/><V94/><F128/><W79/><G79/><T47/><D18/><N who="3" m="6665" /><G25/><T14/><D14/><U82/><E82/><V77/><F107/><W34/><G34/><T131/><D131/><U100/><E100/><V80/><F10/><W54/><AGARI ba="1,0" hai="6,11,13,50,54,56,57,58" m="6665,51211" machi="54" ten="30,1500,0" yaku="20,1" doraHai="70" who="3" fromWho="3" sc="332,-6,235,-6,118,-6,315,18" /><INIT seed="3,2,0,2,3,89" ten="326,229,112,333" oya="3" hai0="108,73,93,103,107,74,127,21,39,37,87,59,126" hai1="2,97,23,82,94,77,9,40,54,18,119,95,99" hai2="20,14,58,67,7,10,11,80,86,130,12,129,128" hai3="24,15,62,0,71,109,49,28,25,98,76,44,64"/><W22/><G0/><T6/><D107/><U123/><E123/><V19/><F67/><W66/><G66/><T105/><D105/><U38/><E119/><V75/><F75/><W42/><G109/><T17/><D6/><N who="1" m="1239" /><E54/><V135/><F58/><W5/><G76/><T124/><D108/><U1/><E1/><V134/><F80/><W106/><G5/><T31/><D31/><U70/><E70/><V30/><F86/><W29/><G15/><N who="0" m="9407" /><D59/><U115/><E115/><V101/><F101/><W79/><G79/><T65/><D65/><U45/><E99/><V92/><F92/><N who="1" m="35369" /><E97/><V13/><F30/><W41/><G98/><N who="0" m="59855" /><D87/><U26/><E26/><V116/><F116/><W125/><G106/><T46/><D46/><U51/><E18/><AGARI ba="2,0" hai="7,10,11,12,13,14,18,19,20,128,129,130,134,135" machi="18" ten="50,8000,1" yaku="19,1,34,3" doraHai="89" who="2" fromWho="1" sc="326,0,229,-86,112,86,333,0" /><INIT seed="4,0,0,5,1,55" ten="326,143,198,333" oya="0" hai0="25,21,9,97,104,54,72,3,83,53,64,35,37" hai1="7,44,4,32,89,66,113,11,74,67,100,105,121" hai2="42,38,114,40,31,61,60,110,36,96,117,128,10" hai3="0,49,92,108,84,76,101,129,28,86,2,103,118"/><T26/><D37/><U18/><E121/><V56/><F31/><W111/><G118/><T1/><D64/><U59/><E74/><V119/><F96/><W6/><G28/><T23/><D35/><U14/><E32/><V30/><F30/><W51/><G92/><T13/><D72/><U127/><E127/><V5/><F110/><W47/><G47/><T93/><D104/><U91/><E113/><V81/><F81/><W85/><G85/><T78/><D3/><U12/><E105/><V99/><F99/><W80/><G80/><T116/><D1/><U107/><E107/><V19/><F19/><W58/><G6/><N who="0" m="3255" /><D116/><N who="2" m="44618" /><F114/><W79/><G129/><T126/><D126/><U95/><E100/><V112/><F112/><W27/><G27/><N who="0" m="10251" /><D83/><U62/><E7/><V87/><F87/><W88/><G58/><T90/><D78/><U82/><E44/><V70/><F128/><W45/><REACH who="3" step="1"/><G45/><REACH who="3" step="2"/><T132/><D132/><U131/><E131/><V120/><F5/><W77/><G77/><T75/><D75/><U130/><E130/><V123/><F36/><W122/><G122/><T50/><D93/><U102/><E82/><V69/><F38/><W71/><G71/><N who="2" m="27145" /><F123/><W22/><G22/><T16/><D23/><N who="1" m="11719" /><E102/><V134/><F120/><W48/><G48/><T24/><D50/><U63/><E95/><V109/><F134/><W106/><G106/><T115/><D115/><U57/><AGARI ba="0,1" hai="4,11,14,57,59,62,63,66,67,89,91" m="11719" machi="57" ten="30,4000,0" yaku="8,1,52,2" doraHai="55" who="1" fromWho="1" sc="326,-20,143,50,198,-10,323,-10" /><INIT seed="5,0,0,0,2,22" ten="306,193,188,313" oya="1" hai0="32,70,62,85,108,123,97,93,52,92,88,128,84" hai1="45,82,0,117,4,127,30,73,26,41,40,133,53" hai2="67,47,24,9,34,64,105,49,94,68,31,66,75" hai3="39,118,79,44,107,78,25,20,16,17,91,135,57"/><U124/><E117/><V89/><F75/><W35/><G35/><T134/><D108/><U13/><E133/><V130/><F130/><W95/><G107/><T99/><D128/><U110/><E110/><V102/><F9/><W119/><G135/><T36/><D134/><U111/><E111/><V115/><F115/><W63/><G17/><T2/><D2/><U50/><E0/><V6/><F6/><W10/><G10/><T3/><D3/><U37/><E13/><V132/><F132/><W86/><G39/><T116/><D116/><N who="3" m="44585" /><G44/><T72/><D72/><U71/><E71/><V15/><F15/><W98/><G86/><T103/><D36/><U129/><E4/><V38/><F38/><W5/><G5/><T1/><D1/><U131/><E131/><V59/><F102/><W100/><G100/><T51/><D32/><N who="1" m="20567" /><E37/><V121/><F105/><W54/><AGARI ba="0,0" hai="16,20,25,54,57,63,78,79,91,95,98" m="44585" machi="54" ten="30,7900,0" yaku="25,1,12,1,52,1,54,1" doraHai="22" who="3" fromWho="3" sc="306,-20,193,-39,188,-20,313,79" /><INIT seed="6,0,0,4,5,63" ten="286,154,168,392" oya="2" hai0="126,122,3,127,71,77,7,98,18,81,5,134,75" hai1="124,113,105,97,58,38,104,109,59,30,45,44,65" hai2="50,101,35,48,92,11,86,84,19,103,47,55,42" hai3="54,80,64,78,20,40,14,9,90,23,114,133,70"/><V112/><F112/><W76/><G114/><T107/><D122/><U28/><E113/><V135/><F135/><W16/><G133/><T73/><D134/><U22/><E109/><V68/><F35/><W34/><G34/><T25/><D71/><U91/><E124/><N who="0" m="47657" /><D3/><U26/><E30/><V56/><F68/><W82/><G40/><T119/><D119/><U43/><E45/><V74/><F74/><W129/><G129/><T96/><D75/><U106/><REACH who="1" step="1"/><E65/><REACH who="1" step="2"/><V102/><REACH who="2" step="1"/><F92/><AGARI ba="0,1" hai="22,26,28,38,43,44,58,59,91,92,97,104,105,106" machi="92" ten="40,5200,0" yaku="1,1,2,1,53,1" doraHai="63" doraHaiUra="41" who="1" fromWho="2" sc="286,0,144,62,168,-52,392,0" /><INIT seed="7,0,0,1,1,70" ten="286,206,116,392" oya="3" hai0="93,91,129,76,87,58,120,68,119,131,45,75,130" hai1="60,80,102,19,106,51,43,22,62,67,81,100,78" hai2="83,31,118,1,2,39,55,50,115,20,116,52,27" hai3="104,11,21,10,3,18,133,54,72,28,132,26,126"/><W35/><G72/><T56/><D120/><U33/><E33/><V9/><F115/><W71/><G104/><T5/><D68/><U121/><E121/><V135/><F135/><W0/><G71/><T74/><D119/><U96/><E102/><V29/><F83/><W114/><G54/><T108/><D108/><U59/><E62/><V88/><F50/><W14/><G126/><T38/><D5/><U49/><E43/><V16/><F88/><W103/><G103/><T36/><D45/><U90/><E90/><V105/><F105/><W99/><G99/><T47/><D47/><U32/><E32/><V66/><F66/><W92/><G92/><T127/><D127/><U37/><E37/><N who="0" m="14441" /><D76/><U15/><E81/><V124/><F39/><W34/><G133/><T57/><AGARI ba="0,0" hai="56,57,58,74,75,87,91,93,129,130,131" m="14441" machi="57" ten="40,8000,1" yaku="19,1,52,3" doraHai="70" who="0" fromWho="0" sc="286,80,206,-20,116,-20,392,-40" owari="366,46,186,-21,96,-40,352,15" /></mjloggm>