<mjloggm ver="2.3"><GO type="225"/><UN n0="%72%61%72%61%70%70%65" n1="%E9%85%8D%E5%9B%9E%E9%99%8D%E6%B5%81" n2="%E4%B8%AD%E7%94%BA%E3%81%8B%E3%81%AA" n3="%E3%83%B4%E3%83%A0%EF%BC%99%E3%81%A6" dan="16,16,16,16" rate="2138,2105,2036,2082" sx="M,M,F,M"/><TAIKYOKU oya="0"/><INIT seed="0,0,0,5,4,27" ten="250,250,250,250" oya="0" hai0="115,29,114,126,5,124,58,73,40,108,131,98,99" hai1="2,66,85,21,50,90,0,101,41,17,79,8,69" hai2="97,107,102,10,24,116,67,118,22,47,30,71,86" hai3="42,84,52,103,9,82,61,20,43,92,56,105,123"/><T74/><D40/><U64/><E101/><V120/><F120/><W39/><G105/><T122/><D58/><U57/><E79/><V13/><F47/><W25/><G123/><T7/><D122/><U4/><E2/><V134/><F134/><W70/><G70/><T81/><D81/><U55/><E41/><V19/><F86/><W129/><G129/><T31/><REACH who="0" step="1"/><D108/><REACH who="0" step="2"/><U72/><E69/><V113/><F113/><W44/><G42/><T14/><D14/><N who="1" m="9399" /><E72/><V37/><F71/><W80/><G80/><T35/><D35/><U68/><E68/><V127/><F118/><W109/><G109/><T112/><D112/><U78/><E78/><V3/><F116/><W110/><G110/><T125/><D125/><U54/><E57/><V34/><F127/><W48/><G82/><T63/><D63/><U26/><E0/><V117/><F117/><W53/><G61/><T18/><D18/><U28/><E4/><N who="2" m="1311" /><F37/><W91/><G39/><T59/><D59/><U130/><E130/><AGARI ba="0,1" hai="5,7,29,31,73,74,98,99,114,115,124,126,130,131" machi="130" ten="25,12000,1" yaku="1,1,22,2,52,2,53,0" doraHai="27" doraHaiUra="76" who="0" fromWho="1" sc="240,130,250,-120,250,0,250,0" /><INIT seed="0,1,0,2,1,78" ten="370,130,250,250" oya="0" hai0="100,12,53,70,130,10,62,134,83,129,131,60,113" hai1="57,122,93,124,110,112,23,25,73,89,40,21,115" hai2="2,64,125,108,5,99,91,55,29,88,82,56,28" hai3="109,71,43,74,92,19,36,119,52,104,77,7,98"/><T58/><D113/><N who="1" m="43595" /><E122/><V34/><F64/><W120/><G71/><T126/><D126/><U15/><E73/><V85/><F125/><W27/><G119/><T9/><D134/><U61/><E124/><V69/><F69/><W8/><G104/><T17/><D100/><U121/><E121/><V132/><F132/><W0/><G120/><T87/><D70/><U105/><E105/><V106/><F108/><W11/><G109/><T102/><D102/><U97/><E110/><V51/><F106/><W127/><G127/><T45/><D45/><U76/><E40/><V13/><F2/><W118/><G118/><T44/><D44/><U80/><E15/><V103/><F103/><W95/><G98/><T116/><D116/><U96/><E96/><V72/><F72/><W114/><G114/><T30/><D30/><U107/><E107/><V39/><F39/><W63/><G43/><T18/><D62/><U26/><E23/><V86/><F99/><W48/><G36/><T75/><D75/><N who="1" m="43039" /><E21/><V16/><F34/><W94/><G63/><T42/><D42/><U4/><E4/><V59/><F59/><N who="3" m="33159" /><G74/><T66/><D66/><AGARI ba="1,0" hai="25,26,57,61,66,89,93,97" m="43039,43595" machi="66" ten="30,2000,0" yaku="11,1,52,1" doraHai="78" who="1" fromWho="0" sc="370,-23,130,23,250,0,250,0" /><INIT seed="1,0,0,2,2,4" ten="347,153,250,250" oya="1" hai0="125,80,127,83,124,62,93,64,3,65,18,46,85" hai1="126,71,97,58,41,92,104,106,19,61,33,91,107" hai2="112,43,88,2,37,119,35,1,25,70,114,34,30" hai3="49,56,101,63,100,67,99,53,118,77,129,66,72"/><U105/><E126/><V116/><F70/><W69/><G129/><T110/><D3/><U52/><N who="1" m="26624" /><DORA hai="42" /><U102/><E33/><V39/><F35/><W38/><G118/><N who="2" m="45097" /><F88/><W48/><G38/><N who="2" m="14345" /><F43/><W84/><G72/><T108/><D18/><U47/><E71/><V89/><F89/><W11/><G69/><T16/><D16/><U79/><E79/><V7/><F7/><W0/><G0/><AGARI ba="0,0" hai="0,1,2,25,30,34,112,114" m="14345,45097" machi="0" ten="40,1300,0" yaku="23,1" doraHai="4,42" who="2" fromWho="3" sc="347,0,153,0,250,13,250,-13" /><INIT seed="2,0,0,4,3,119" ten="347,153,263,237" oya="2" hai0="128,55,109,106,35,130,61,107,11,46,122,124,127" hai1="31,93,75,52,83,95,86,115,78,33,73,62,23" hai2="89,70,8,68,58,60,112,126,17,18,24,12,90" hai3="135,44,22,125,4,102,64,132,2,110,21,59,41"/><V72/><F112/><W5/><G110/><T54/><D35/><U34/><E115/><V111/><F72/><W131/><G131/><N who="0" m="50219" /><D109/><U57/><E75/><V108/><F111/><W123/><G125/><N who="0" m="48203" /><D122/><U45/><E45/><V0/><F108/><W118/><G118/><T47/><D11/><U100/><E100/><V71/><F126/><W76/><G102/><T66/><D106/><U65/><E65/><V38/><F38/><W63/><G123/><T53/><D107/><U14/><E73/><V56/><F0/><W77/><G77/><T50/><D50/><U6/><E34/><V74/><F74/><W114/><G76/><T104/><D104/><U103/><E33/><V40/><F40/><W82/><G114/><T98/><D98/><U30/><E103/><V16/><F58/><AGARI ba="0,0" hai="46,47,53,54,55,58,61,66" m="48203,50219" machi="58" ten="40,8000,1" yaku="19,1,18,1,34,2" doraHai="119" who="0" fromWho="2" sc="347,80,153,0,263,-80,237,0" /><INIT seed="3,0,0,0,0,40" ten="427,153,183,237" oya="3" hai0="75,5,9,38,22,24,30,54,123,85,121,26,56" hai1="102,63,15,34,110,17,33,59,118,101,35,44,129" hai2="77,108,70,133,8,103,67,53,79,29,0,28,89" hai3="111,71,21,32,116,80,62,83,12,134,4,98,109"/><W13/><G116/><T88/><D75/><U42/><E118/><V99/><F108/><N who="3" m="41547" /><G32/><T37/><D26/><U106/><E110/><V90/><F133/><W20/><G134/><T19/><D30/><U49/><E129/><V11/><F53/><W36/><G36/><T131/><D131/><U94/><E106/><V74/><F74/><W31/><G98/><T114/><D114/><U107/><E107/><V60/><F103/><W69/><G62/><T91/><D91/><U124/><E94/><V27/><F0/><W48/><G48/><T55/><D54/><U126/><E102/><V46/><F46/><W64/><G64/><T115/><D115/><U113/><E101/><V100/><F29/><W58/><G58/><T130/><D130/><U97/><E97/><V52/><F52/><W135/><G135/><T7/><D55/><U122/><E113/><V128/><F128/><W96/><G96/><T127/><D38/><U10/><E122/><V16/><F79/><W81/><G31/><T23/><D37/><U78/><E78/><V14/><F8/><W112/><G112/><T84/><D9/><U95/><E95/><V86/><F86/><N who="0" m="33386" /><D123/><U72/><E72/><V93/><REACH who="2" step="1"/><F77/><REACH who="2" step="2"/><W104/><G104/><T6/><D121/><U57/><REACH who="1" step="1"/><E63/><REACH who="1" step="2"/><V68/><F68/><W51/><G69/><T61/><D61/><U76/><E76/><V43/><F43/><W47/><G71/><T50/><D56/><AGARI ba="0,2" hai="10,15,17,33,34,35,42,44,49,56,57,59,124,126" machi="56" ten="50,3200,0" yaku="1,1,52,1,53,0" doraHai="40" doraHaiUra="3" who="1" fromWho="0" sc="427,-32,143,52,173,0,237,0" owari="395,49,195,-20,173,-33,237,4" /></mjloggm>