<mjloggm ver="2.3"><GO type="169"/><UN n0="%E5%8F%82%E7%B3%BB%E5%A4%A7%E6%9C%AC%E5%96%B6" n1="%E3%80%93%E3%81%84%E3%81%A1%E3%81%AF%E3%82%89%E3%80%93" n2="%E3%83%81%E3%83%AD%E3%83%AD%E8%BB%8D%E6%9B%B9" n3="%74%61%72%6F%6F" dan="16,18,16,16" rate="2130,2194,2050,2065" sx="M,M,M,M"/><TAIKYOKU oya="0"/><INIT seed="0,0,0,4,3,132" ten="250,250,250,250" oya="0" hai0="119,73,115,9,77,101,128,130,93,41,88,116,34" hai1="63,78,4,82,135,72,112,8,53,107,67,36,133" hai2="58,109,64,18,37,117,25,39,87,59,91,15,11" hai3="76,123,42,97,98,81,86,134,65,20,50,90,96"/><T124/><D34/><U89/><E112/><V129/><F109/><W12/><G134/><T62/><D41/><U131/><E131/><N who="0" m="50217" /><D9/><U105/><E53/><V5/><F129/><W57/><G123/><T27/><D27/><U92/><E36/><V17/><F117/><N who="0" m="45130" /><D62/><U95/><E95/><V126/><F126/><W66/><G42/><T26/><D26/><U103/><E103/><V48/><F64/><W60/><G50/><T40/><D40/><U83/><E83/><V99/><F99/><W0/><G0/><T52/><D52/><U51/><E51/><V94/><F39/><W113/><G113/><T28/><D28/><U74/><E74/><V68/><F68/><W54/><G76/><T22/><D22/><U16/><E135/><V121/><F37/><W3/><G3/><T69/><D69/><U2/><E16/><AGARI ba="0,0" hai="12,16,20,54,57,60,65,66,81,86,90,96,97,98" machi="16" ten="40,2600,0" yaku="8,1,54,1" doraHai="132" who="3" fromWho="1" sc="250,0,250,-26,250,0,250,26" /><INIT seed="1,0,0,0,0,53" ten="250,224,250,276" oya="1" hai0="66,91,59,129,103,44,96,88,97,63,32,116,51" hai1="133,113,87,0,67,126,10,99,102,19,35,12,31" hai2="50,61,71,75,39,57,131,8,45,100,11,24,43" hai3="56,54,47,111,76,13,72,84,74,105,134,101,77"/><U21/><E113/><V20/><F75/><W81/><G134/><T25/><D116/><U58/><E133/><V37/><F131/><W41/><G111/><T132/><D129/><U64/><E126/><V135/><F135/><W4/><G77/><T52/><D132/><U27/><E87/><V78/><F78/><W127/><G127/><T122/><D122/><U40/><E40/><V2/><F100/><W36/><G101/><T107/><REACH who="0" step="1"/><D97/><REACH who="0" step="2"/><U73/><E73/><V42/><F71/><W65/><G72/><T124/><D124/><U128/><E128/><V83/><F83/><W92/><G74/><T60/><D60/><U3/><E35/><V119/><F61/><W7/><G81/><T117/><D117/><U79/><E79/><V86/><F119/><W89/><G76/><T121/><D121/><U93/><E67/><V26/><F86/><W38/><G65/><T9/><D9/><U48/><E48/><V109/><F50/><W115/><G38/><T90/><D90/><U46/><E46/><V23/><F45/><W14/><G89/><T49/><D49/><U34/><E34/><V123/><F123/><W118/><G118/><T108/><D108/><U22/><E10/><V80/><F109/><W62/><G47/><T82/><D82/><U98/><E98/><V70/><F80/><W30/><G36/><T17/><D17/><U1/><E64/><V114/><F70/><W85/><G62/><T28/><AGARI ba="0,1" hai="25,28,32,44,51,52,59,63,66,88,91,96,103,107" machi="28" ten="30,8000,1" yaku="1,1,0,1,52,1,54,2,53,0" doraHai="53" doraHaiUra="106" who="0" fromWho="0" sc="240,90,224,-40,250,-20,276,-20" /><INIT seed="2,0,0,2,5,107" ten="330,184,230,256" oya="2" hai0="94,59,41,43,18,65,117,5,113,106,45,132,4" hai1="64,48,16,12,85,77,105,118,127,92,3,25,83" hai2="114,87,80,71,119,82,19,95,2,68,62,20,63" hai3="90,129,57,70,51,81,66,126,91,10,78,50,128"/><V17/><F119/><W31/><G70/><T102/><D106/><U8/><E105/><V86/><F2/><W121/><G121/><T69/><D69/><U1/><E118/><V27/><F27/><W24/><G10/><T84/><D113/><U21/><E127/><V61/><F62/><N who="3" m="38223" /><G126/><T135/><D117/><U93/><E64/><V37/><F20/><N who="3" m="15751" /><G50/><T55/><D65/><U120/><E120/><V38/><REACH who="2" step="1"/><F95/><REACH who="2" step="2"/><W111/><G51/><N who="0" m="31231" /><D132/><U40/><E1/><V79/><F79/><W39/><G39/><T124/><D135/><U112/><E3/><V36/><F36/><W15/><G15/><T47/><D124/><U110/><E112/><AGARI ba="0,1" hai="17,19,37,38,61,63,68,71,80,82,86,87,112,114" machi="112" ten="25,4800,0" yaku="1,1,22,2,53,0" doraHai="107" doraHaiUra="134" who="2" fromWho="1" sc="330,0,184,-48,220,58,256,0" /><INIT seed="2,1,0,2,3,94" ten="330,136,278,256" oya="2" hai0="20,96,55,76,38,95,5,102,32,131,126,36,92" hai1="106,97,127,128,87,42,70,121,68,29,100,99,124" hai2="10,72,33,49,56,86,81,115,123,37,30,9,16" hai3="98,103,134,109,7,52,61,129,73,31,40,58,51"/><V25/><F123/><W41/><G73/><T104/><D32/><U63/><E121/><V89/><F37/><W65/><G134/><T84/><D131/><U28/><E128/><V13/><F115/><W110/><G129/><T39/><D126/><N who="1" m="48171" /><E42/><V46/><F72/><W78/><G78/><T75/><D75/><U130/><E130/><V88/><F56/><W135/><G7/><T6/><D104/><N who="1" m="63503" /><E87/><V60/><F60/><W114/><G135/><T50/><D20/><U119/><E119/><V59/><F59/><W91/><G91/><T47/><D92/><U69/><E63/><V77/><REACH who="2" step="1"/><F10/><REACH who="2" step="2"/><W27/><G114/><T23/><D39/><U112/><E112/><V105/><F105/><W45/><G109/><T133/><D133/><U54/><E54/><AGARI ba="1,1" hai="9,13,16,25,30,33,46,49,54,77,81,86,88,89" machi="54" ten="30,11600,0" yaku="1,1,7,1,54,2,53,0" doraHai="94" doraHaiUra="116" who="2" fromWho="1" sc="330,0,136,-119,268,129,256,0" /><INIT seed="2,2,0,5,5,130" ten="330,17,397,256" oya="2" hai0="55,107,72,133,29,128,117,35,6,97,13,99,24" hai1="19,78,116,65,82,0,14,120,95,25,113,8,122" hai2="4,79,91,59,83,3,111,18,71,129,26,76,10" hai3="48,1,27,57,105,30,135,90,127,77,58,131,123"/><V20/><F71/><W109/><G77/><T36/><D128/><U9/><E116/><V61/><F129/><W50/><G105/><T38/><D117/><U92/><E113/><V64/><F111/><W84/><G1/><T23/><D72/><U49/><E65/><V81/><F91/><W132/><G131/><T114/><D114/><U93/><E25/><V86/><F86/><W22/><G109/><T87/><D133/><N who="3" m="51273" /><G127/><T34/><D34/><U15/><E49/><N who="3" m="19050" /><G123/><T53/><D38/><U51/><E51/><V118/><F118/><W67/><G67/><T88/><D36/><U74/><REACH who="1" step="1"/><E0/><REACH who="1" step="2"/><V47/><F3/><W33/><G33/><T31/><D55/><U16/><AGARI ba="2,1" hai="8,9,14,15,16,19,74,78,82,92,93,95,120,122" machi="16" ten="30,8000,1" yaku="1,1,2,1,0,1,9,1,54,1,53,0" doraHai="130" doraHaiUra="46" who="1" fromWho="1" sc="330,-22,7,96,397,-42,256,-22" /><INIT seed="3,0,0,2,0,131" ten="308,103,355,234" oya="3" hai0="135,39,26,24,43,54,62,15,133,46,25,35,84" hai1="114,122,67,47,97,11,128,126,132,48,49,14,120" hai2="5,18,75,59,134,70,57,90,8,17,86,110,45" hai3="4,107,58,103,23,87,111,119,44,116,117,130,6"/><W72/><G72/><T52/><D35/><U125/><E97/><V113/><F75/><W82/><G130/><T108/><D108/><U94/><E94/><V40/><F70/><W7/><G111/><T92/><D15/><U91/><E91/><V121/><F110/><W77/><G44/><T118/><D118/><U41/><E14/><V28/><F121/><N who="1" m="46697" /><E11/><V22/><F113/><W68/><G68/><T115/><D115/><U55/><E114/><V100/><F100/><W66/><G66/><T93/><D84/><U20/><E20/><V106/><F106/><W64/><G64/><T53/><D62/><U69/><E128/><V33/><F33/><W10/><G58/><T19/><D19/><U50/><E67/><V32/><F32/><W0/><G23/><T31/><D31/><U129/><E129/><V85/><F28/><W61/><G61/><T96/><REACH who="0" step="1"/><D93/><REACH who="0" step="2"/><U60/><E60/><V37/><F86/><W12/><G12/><T79/><D79/><U109/><E109/><V13/><F18/><W83/><G83/><T29/><D29/><U51/><E69/><V78/><F78/><W73/><G87/><T112/><D112/><U81/><E81/><V95/><F17/><W63/><G63/><T104/><D104/><U42/><E132/><V80/><F80/><W105/><G105/><T98/><D98/><U27/><E27/><V56/><REACH who="2" step="1"/><F22/><REACH who="2" step="2"/><W16/><G16/><T9/><D9/><U101/><E101/><AGARI ba="0,2" hai="24,25,26,39,43,46,52,53,54,92,96,101,133,135" machi="101" ten="40,8000,1" yaku="1,1,52,2,54,1,53,0" doraHai="131" doraHaiUra="34" who="0" fromWho="1" sc="298,100,103,-80,345,0,234,0" /><INIT seed="4,0,0,5,4,94" ten="398,23,345,234" oya="0" hai0="35,26,115,61,60,98,99,33,113,24,109,83,126" hai1="1,118,63,93,11,15,96,7,41,25,65,51,38" hai2="0,28,86,42,85,10,121,128,64,71,122,44,107" hai3="52,87,59,16,130,131,104,49,112,4,46,47,97"/><T70/><D109/><U116/><E38/><V117/><F107/><W69/><G69/><T103/><D83/><U133/><E133/><V75/><F75/><W19/><G4/><T22/><D126/><U82/><E1/><V2/><F128/><N who="3" m="49195" /><G87/><T135/><D135/><U72/><E25/><N who="0" m="9833" /><D22/><U91/><E51/><V95/><F117/><W92/><G104/><T80/><D80/><U129/><E41/><V89/><F28/><W36/><G112/><N who="0" m="43083" /><D103/><U127/><E127/><V124/><F124/><W58/><G47/><T110/><D110/><U21/><E21/><V123/><F10/><W14/><G36/><T62/><D70/><U31/><E31/><V111/><F111/><W43/><G43/><T132/><D132/><U77/><REACH who="1" step="1"/><E129/><REACH who="1" step="2"/><V55/><F42/><W67/><G67/><T9/><D9/><U74/><E74/><V30/><F30/><W6/><G6/><T88/><D88/><U125/><E125/><V78/><F2/><W57/><G14/><T84/><D84/><U45/><E45/><V101/><F86/><W105/><G105/><T90/><D90/><AGARI ba="0,1" hai="16,19,46,49,52,57,58,59,90,92,97" m="49195" machi="90" ten="30,7700,0" yaku="19,1,52,1,54,2" doraHai="94" who="3" fromWho="0" sc="398,-77,13,0,345,0,234,87" /><INIT seed="5,0,0,1,2,101" ten="321,13,345,321" oya="1" hai0="39,112,61,124,92,41,36,10,86,20,66,80,134" hai1="79,58,62,52,38,46,26,11,93,37,67,4,22" hai2="18,82,9,59,111,44,0,133,3,19,76,31,21" hai3="128,48,104,127,105,29,15,110,87,116,91,117,129"/><U114/><E114/><V121/><F111/><W34/><G110/><T50/><D112/><U97/><E79/><V109/><F109/><W74/><G74/><T120/><D120/><U8/><E46/><V70/><F70/><W12/><G48/><T123/><D123/><U17/><E67/><V126/><F121/><W63/><G63/><T115/><D115/><U35/><E35/><V100/><F126/><W84/><G127/><T69/><D124/><U103/><REACH who="1" step="1"/><E11/><REACH who="1" step="2"/><V64/><F44/><W2/><G34/><T102/><D10/><U57/><E57/><V131/><F9/><W33/><G33/><T108/><D108/><U55/><E55/><V89/><F76/><W73/><G73/><T135/><D69/><U47/><E47/><V125/><F59/><W49/><G117/><T94/><D66/><U118/><E118/><V13/><F64/><W51/><G116/><T85/><D135/><U130/><E130/><V6/><F131/><W107/><G128/><T25/><D134/><U16/><E16/><V98/><F19/><W1/><G129/><T132/><D132/><U68/><E68/><V106/><F18/><W96/><G29/><T45/><D45/><U83/><E83/><V23/><F82/><W30/><G30/><T42/><D80/><U72/><E72/><V40/><F31/><W27/><G27/><T56/><D56/><U43/><E43/><V75/><F40/><W122/><G122/><T71/><D71/><U113/><E113/><V65/><F133/><W99/><G105/><T7/><D42/><U32/><E32/><V90/><F125/><RYUUKYOKU ba="0,1" sc="321,-15,3,15,345,-15,321,15" hai1="4,8,17,22,26,37,38,52,58,62,93,97,103" hai3="1,2,12,15,49,51,84,87,91,96,99,104,107" /><INIT seed="5,1,1,3,5,17" ten="306,18,330,336" oya="1" hai0="101,47,112,87,65,41,56,67,85,36,78,20,27" hai1="96,18,5,54,57,135,93,46,69,4,104,1,113" hai2="71,118,95,33,110,125,99,70,132,127,52,16,42" hai3="64,107,83,55,102,134,109,86,43,51,128,81,116"/><U60/><E113/><V22/><F118/><W31/><G116/><T44/><D112/><U12/><E135/><V15/><F33/><W120/><G120/><T2/><D2/><U3/><E104/><V80/><F110/><W77/><G109/><T11/><D11/><U124/><E69/><V84/><F42/><W105/><G43/><T88/><D101/><U94/><E124/><N who="2" m="47691" /><F52/><W97/><G64/><T119/><D119/><U61/><E3/><V100/><F132/><W108/><G108/><T7/><D7/><U98/><E1/><V75/><F75/><W30/><G134/><T45/><D36/><U48/><E61/><V14/><F15/><W92/><G128/><T26/><D41/><U8/><E98/><V39/><F39/><W9/><G9/><T68/><D68/><U117/><E117/><V131/><F131/><W28/><REACH who="3" step="1"/><G83/><REACH who="3" step="2"/><N who="0" m="47351" /><D67/><U19/><E5/><V89/><AGARI ba="1,2" hai="14,16,22,70,71,80,84,89,95,99,100" m="47691" machi="89" ten="30,4000,0" yaku="18,1,52,1,54,1" doraHai="17" who="2" fromWho="2" sc="306,-11,18,-21,330,63,326,-11" owari="295,-10,-3,-50,393,48,315,12" /></mjloggm>