<mjloggm ver="2.3"><GO type="169"/><UN n0="%E3%80%93%E3%81%84%E3%81%A1%E3%81%AF%E3%82%89%E3%80%93" n1="%E9%9B%80%E5%A8%98%E2%98%86%E3%82%86%E3%81%8D" n2="%E3%81%9A%E3%81%86" n3="%E5%BB%89%E5%A4%AA%E9%83%8E" dan="18,17,16,16" rate="2191,2130,2034,2099" sx="M,F,F,M"/><TAIKYOKU oya="0"/><INIT seed="0,0,0,5,5,133" ten="250,250,250,250" oya="0" hai0="132,64,16,63,91,14,5,129,46,81,85,103,11" hai1="44,74,41,57,55,17,56,36,106,23,45,68,7" hai2="127,107,52,35,0,93,12,88,110,2,19,58,28" hai3="119,131,118,9,123,49,43,100,79,20,99,125,21"/><T38/><D132/><U40/><E74/><V48/><F107/><W75/><G43/><T53/><D129/><U4/><E68/><V50/><F110/><W92/><G131/><T71/><D103/><U42/><E106/><V104/><F104/><W15/><G49/><T102/><D102/><U101/><E101/><V70/><F70/><W10/><G123/><T94/><D94/><U62/><E57/><V115/><F115/><W120/><G120/><T8/><D38/><U114/><E114/><V73/><F73/><W105/><G105/><T29/><D29/><U121/><E121/><V78/><F78/><W18/><G21/><T124/><D124/><U77/><E77/><V61/><F127/><W86/><G125/><T39/><D39/><U24/><E41/><V97/><F2/><W89/><G75/><T47/><REACH who="0" step="1"/><D53/><REACH who="0" step="2"/><U130/><E130/><V37/><F37/><AGARI ba="0,1" hai="4,7,17,23,24,36,37,40,42,44,45,55,56,62" machi="37" ten="30,2000,0" yaku="7,1,9,1" doraHai="133" who="1" fromWho="2" sc="240,0,250,30,250,-20,250,0" /><INIT seed="1,0,0,5,4,23" ten="240,280,230,250" oya="1" hai0="105,124,60,92,75,104,130,7,34,120,53,36,10" hai1="11,119,69,83,93,57,66,55,125,12,110,76,101" hai2="113,37,94,85,13,84,21,38,114,98,80,6,15" hai3="25,71,26,18,16,33,63,19,2,0,72,112,135"/><U74/><E119/><V39/><F6/><W107/><G72/><T90/><D34/><U20/><E125/><V3/><F3/><W97/><G112/><N who="2" m="43113" /><F21/><W62/><G135/><T54/><D75/><U67/><E69/><V65/><F65/><W4/><G71/><T118/><D124/><U24/><E110/><V78/><F85/><W1/><G4/><T43/><D120/><U40/><E40/><V89/><AGARI ba="0,0" hai="13,15,37,38,39,78,80,84,89,94,98" m="43113" machi="89" ten="40,1500,0" yaku="11,1" doraHai="23" who="2" fromWho="2" sc="240,-4,280,-7,230,15,250,-4" /><INIT seed="2,0,0,4,3,49" ten="236,273,245,246" oya="2" hai0="21,74,37,30,91,106,123,124,67,22,113,81,6" hai1="79,86,104,76,116,43,50,13,82,98,0,10,115" hai2="102,32,9,7,127,100,75,65,57,41,96,25,38" hai3="14,105,133,129,3,107,85,68,35,130,20,84,11"/><V97/><F75/><W77/><G68/><T122/><D106/><U119/><E0/><V117/><F117/><W128/><G35/><T63/><D37/><U46/><E115/><V44/><F127/><W52/><G3/><T2/><D113/><U59/><E79/><V108/><F108/><W89/><G77/><T88/><D124/><U55/><E98/><V132/><F132/><W40/><G40/><T31/><D74/><U36/><REACH who="1" step="1"/><E104/><REACH who="1" step="2"/><N who="3" m="40010" /><G133/><T70/><D2/><U118/><E118/><V80/><F96/><W73/><G73/><T109/><D109/><U16/><AGARI ba="0,1" hai="10,13,16,36,43,46,50,55,59,76,82,86,116,119" machi="16" ten="20,8000,1" yaku="1,1,0,1,7,1,52,1,54,1,53,0" doraHai="49" doraHaiUra="94" who="1" fromWho="1" sc="236,-20,263,90,245,-40,246,-20" /><INIT seed="3,0,0,4,2,57" ten="216,353,205,226" oya="3" hai0="63,112,32,16,102,7,52,45,94,99,38,56,122" hai1="129,98,35,55,15,83,65,134,80,12,95,43,89" hai2="5,11,40,33,100,103,14,19,31,110,85,96,66" hai3="135,116,87,68,10,8,48,28,120,126,29,73,71"/><W47/><G120/><T59/><D32/><U61/><E35/><V21/><F110/><W93/><G73/><T4/><D122/><U132/><E43/><V108/><F108/><W39/><G116/><T109/><D109/><U106/><E55/><V69/><F40/><W104/><G39/><T44/><D112/><U25/><E25/><V53/><F53/><W123/><G104/><T92/><D38/><U121/><E129/><V34/><F85/><W117/><G117/><T105/><D105/><U3/><E3/><V9/><F9/><W41/><G123/><T37/><D37/><U60/><E106/><V75/><F75/><W24/><G135/><N who="1" m="51754" /><E121/><V50/><F50/><W79/><G126/><T107/><D107/><U82/><E61/><V91/><F33/><W72/><G72/><T118/><D118/><U125/><E125/><V133/><F34/><W42/><G24/><T128/><D128/><U115/><E115/><V62/><F133/><W49/><G47/><N who="0" m="17995" /><D94/><U77/><E77/><V81/><F81/><W36/><G36/><T84/><D84/><U0/><E0/><V13/><REACH who="2" step="1"/><F31/><REACH who="2" step="2"/><W74/><G87/><T70/><D70/><AGARI ba="0,1" hai="12,15,60,65,70,80,82,83,89,95,98" m="51754" machi="70" ten="30,2000,0" yaku="20,1,52,1" doraHai="57" who="1" fromWho="0" sc="216,-20,353,30,195,0,226,0" /><INIT seed="4,0,0,1,0,130" ten="196,383,195,226" oya="0" hai0="28,129,4,128,14,135,44,25,6,102,56,16,73" hai1="50,116,2,40,82,91,93,3,95,31,64,48,9" hai2="0,8,100,132,11,113,112,55,103,29,118,63,49" hai3="17,109,7,60,92,18,69,45,66,61,125,84,70"/><T111/><D73/><U131/><E116/><V124/><F118/><W1/><G109/><T21/><D102/><U46/><E131/><N who="0" m="50249" /><D44/><U38/><E64/><V72/><F124/><W96/><G125/><T36/><D36/><U119/><E119/><V106/><F72/><W33/><G84/><T71/><D71/><U22/><E82/><V87/><F87/><W32/><G45/><T59/><D111/><U88/><E38/><V90/><F106/><W80/><G80/><T43/><D43/><U107/><E107/><V85/><F85/><W65/><G32/><N who="0" m="20495" /><D135/><U20/><E46/><V117/><F103/><W133/><G33/><T110/><D110/><U19/><E40/><V47/><F100/><W78/><G133/><T15/><D15/><U5/><E50/><V75/><F132/><W105/><G78/><T12/><D14/><U94/><E48/><V24/><F49/><W26/><G105/><T104/><D104/><U115/><E93/><V35/><F75/><W23/><G92/><T58/><AGARI ba="0,0" hai="4,6,12,16,21,56,58,59" m="20495,50249" machi="58" ten="30,3000,0" yaku="19,1,54,1" doraHai="130" who="0" fromWho="0" sc="196,30,383,-10,195,-10,226,-10" /><INIT seed="4,1,0,4,3,14" ten="226,373,185,216" oya="0" hai0="117,53,17,56,123,49,130,22,19,107,0,133,8" hai1="69,6,108,95,4,67,104,21,77,90,81,80,59" hai2="45,87,93,103,119,120,16,43,62,115,33,34,83" hai3="88,92,91,65,54,47,15,32,116,41,127,31,135"/><T110/><D123/><U18/><E69/><V74/><F120/><W2/><G116/><T51/><D117/><U5/><E104/><V113/><F119/><W100/><G2/><T10/><D107/><U73/><E108/><V84/><F74/><W132/><G127/><T39/><D39/><U97/><E77/><V70/><F70/><W129/><G65/><T60/><D110/><U25/><E73/><V78/><F62/><AGARI ba="1,0" hai="4,5,6,18,21,25,59,62,67,80,81,90,95,97" machi="62" ten="40,2600,0" yaku="8,1,52,1" doraHai="14" who="1" fromWho="2" sc="226,0,373,29,185,-29,216,0" /><INIT seed="5,0,0,1,0,134" ten="226,402,156,216" oya="1" hai0="51,0,62,66,69,21,121,24,43,64,104,12,41" hai1="27,26,118,95,15,82,16,124,22,93,110,89,54" hai2="5,90,123,125,76,79,127,119,1,67,85,55,92" hai3="68,34,91,28,18,114,38,116,33,8,3,84,35"/><U53/><E118/><V86/><F67/><W17/><G68/><T61/><D0/><U81/><E110/><V32/><F32/><W42/><G38/><T29/><D121/><U88/><E124/><N who="2" m="47691" /><F119/><W45/><G114/><T7/><D104/><U63/><E63/><V107/><F107/><W126/><G116/><T9/><REACH who="0" step="1"/><D51/><REACH who="0" step="2"/><U115/><E115/><V108/><F123/><W50/><G126/><T109/><D109/><U128/><E128/><V83/><F108/><W49/><G49/><T60/><D60/><U97/><E54/><V87/><F55/><W80/><G3/><T75/><D75/><U101/><E53/><V46/><F46/><W58/><G50/><T2/><D2/><U31/><E31/><V44/><F44/><W102/><G28/><T48/><D48/><U25/><E101/><V71/><F71/><AGARI ba="0,1" hai="7,9,12,21,24,29,41,43,61,62,64,66,69,71" machi="71" ten="30,3900,0" yaku="1,1,7,1,9,1,53,0" doraHai="134" doraHaiUra="70" who="0" fromWho="2" sc="216,49,402,0,156,-39,216,0" /><INIT seed="6,0,0,1,0,125" ten="265,402,117,216" oya="2" hai0="38,96,13,1,94,44,95,65,103,53,43,34,105" hai1="62,46,63,100,92,14,98,104,93,129,70,86,122" hai2="22,79,16,55,87,56,35,109,120,64,37,19,3" hai3="15,83,97,11,57,21,128,84,17,31,60,132,71"/><V25/><F120/><W61/><G132/><T39/><D1/><U99/><E122/><V27/><F37/><W112/><G71/><T8/><D38/><U49/><E70/><V116/><F116/><W130/><G112/><T9/><D34/><U89/><E14/><V107/><F107/><W126/><G126/><T134/><D134/><U69/><E69/><V135/><F135/><W82/><G97/><T77/><D65/><U51/><E51/><V59/><F3/><W32/><G32/><T101/><D77/><U78/><E78/><V115/><F35/><W121/><G121/><T18/><D101/><U23/><E23/><V118/><F118/><W91/><G82/><T102/><D102/><U119/><E119/><V58/><F115/><W88/><G91/><T113/><D113/><U41/><E129/><N who="3" m="49770" /><G57/><T75/><D105/><U74/><E74/><V48/><F109/><W10/><G10/><T0/><D95/><U26/><E26/><AGARI ba="0,0" hai="11,15,17,21,26,31,60,61,83,84,88" m="49770" machi="26" ten="30,8000,1" yaku="19,1,52,3,54,1" doraHai="125" who="3" fromWho="1" sc="265,0,402,-80,117,0,216,80" /><INIT seed="7,0,0,2,2,31" ten="265,322,117,296" oya="3" hai0="82,118,77,134,91,60,44,108,114,79,130,61,111" hai1="75,100,35,14,1,87,103,131,93,18,72,55,45" hai2="99,95,57,53,124,52,119,120,22,34,20,92,70" hai3="63,12,26,98,83,116,43,41,51,106,122,11,129"/><W78/><G122/><T73/><D118/><U21/><E35/><V47/><F119/><W105/><G116/><T3/><D3/><U101/><E1/><V97/><F70/><W96/><G129/><T29/><D130/><U107/><E107/><V86/><F124/><W15/><G63/><T71/><D134/><U58/><E131/><V8/><F86/><W42/><G51/><T135/><D135/><U7/><E7/><V32/><F57/><W104/><G26/><T5/><D5/><U88/><E45/><V62/><F47/><W125/><G125/><T36/><D79/><U65/><E65/><V37/><F8/><W6/><REACH who="3" step="1"/><G15/><REACH who="3" step="2"/><T81/><D61/><U4/><E4/><V76/><F62/><W23/><G23/><T128/><D128/><U64/><E64/><V48/><F48/><AGARI ba="0,1" hai="14,18,21,48,55,58,72,75,87,88,93,100,101,103" machi="48" ten="40,5200,0" yaku="25,2,54,1" doraHai="31" who="1" fromWho="2" sc="265,0,322,62,117,-52,286,0" owari="265,-13,384,47,65,-43,286,9" /></mjloggm>