<mjloggm ver="2.3"><GO type="225"/><UN n0="%61%62%61%6E%74%65%73" n1="%E3%81%B9%E3%81%A3%E3%81%93%E3%83%BC%E2%99%AA" n2="%E9%85%8D%E5%9B%9E%E9%99%8D%E6%B5%81" n3="%E7%9C%9F%E9%BE%8D%E2%80%A6" dan="16,16,16,17" rate="2096,2089,2097,2118" sx="M,F,M,F"/><TAIKYOKU oya="0"/><INIT seed="0,0,0,1,5,71" ten="250,250,250,250" oya="0" hai0="3,2,99,23,33,74,98,67,26,35,14,27,113" hai1="64,72,52,37,120,108,69,8,91,17,5,12,48" hai2="47,130,40,38,79,122,116,81,9,45,36,19,117" hai3="60,124,55,85,88,58,119,129,44,15,87,49,118"/><T22/><D74/><U54/><E72/><V104/><F104/><W123/><G124/><T133/><D67/><U107/><E120/><V76/><F122/><W92/><G129/><T95/><D95/><U43/><E108/><V126/><F126/><W1/><G1/><N who="0" m="11" /><D99/><U102/><E91/><V0/><F130/><W50/><G123/><T18/><D98/><U89/><E89/><V24/><F24/><N who="0" m="9258" /><D113/><U20/><E102/><V111/><F111/><W112/><G112/><T39/><D39/><N who="2" m="14890" /><F19/><W30/><G85/><T34/><D133/><U110/><E107/><V103/><F103/><W97/><G97/><T86/><D86/><U31/><E110/><V70/><F70/><W10/><G30/><T114/><D114/><U28/><E69/><V16/><F16/><W125/><G125/><T68/><D68/><U46/><E64/><V106/><F106/><W100/><G100/><T132/><D132/><U63/><E63/><V11/><F40/><W29/><G29/><T127/><D127/><U94/><E94/><V7/><F11/><AGARI ba="0,0" hai="11,14,18,22,23,33,34,35" m="9258,11" machi="11" ten="40,12000,1" yaku="35,5" doraHai="71" who="0" fromWho="2" sc="250,120,250,0,250,-120,250,0" /><INIT seed="0,1,0,4,3,71" ten="370,250,130,250" oya="0" hai0="77,127,105,70,108,120,125,69,134,38,52,102,7" hai1="100,15,121,28,110,50,26,67,93,33,118,83,85" hai2="17,129,21,103,117,10,59,22,57,62,43,47,74" hai3="91,8,66,135,80,34,31,4,64,73,30,55,104"/><T41/><D77/><U107/><E118/><V113/><F74/><W87/><G104/><T114/><D7/><U48/><E121/><V5/><F113/><W133/><G73/><T54/><D102/><U40/><E110/><V88/><F129/><W95/><G55/><T94/><D94/><U1/><E1/><V132/><F103/><W99/><G34/><T92/><D92/><U86/><E67/><N who="3" m="25642" /><G8/><T97/><D97/><U130/><E130/><V76/><F76/><W0/><G0/><T9/><D9/><U46/><E107/><V106/><F106/><W63/><G63/><T19/><D105/><U2/><E2/><V101/><F101/><N who="3" m="60671" /><G4/><T53/><D114/><U12/><E50/><N who="2" m="27007" /><F117/><W79/><G79/><T51/><D70/><U36/><E48/><V29/><F5/><W14/><G14/><T16/><D69/><U60/><E60/><V3/><F3/><W61/><G61/><T96/><D51/><U98/><REACH who="1" step="1"/><E86/><REACH who="1" step="2"/><V37/><F62/><W119/><G119/><T45/><D120/><U42/><E42/><V68/><F68/><W75/><G75/><T13/><D108/><U128/><E128/><V27/><F132/><AGARI ba="1,1" hai="30,31,80,87,91,132,133,135" m="60671,25642" machi="132" ten="30,1000,0" yaku="20,1" doraHai="71" who="3" fromWho="2" sc="370,0,240,0,130,-13,250,23" /><INIT seed="1,0,0,2,3,130" ten="370,240,117,273" oya="1" hai0="33,1,24,127,83,94,25,64,10,5,71,13,30" hai1="102,98,122,45,66,114,63,57,84,89,101,27,96" hai2="55,46,48,12,121,37,28,68,74,39,38,50,104" hai3="133,87,88,17,118,119,113,56,67,109,59,132,105"/><U77/><E122/><V3/><F3/><W51/><G105/><T69/><D127/><U7/><E114/><V34/><F74/><W11/><G113/><T97/><D83/><U115/><E115/><V90/><F104/><W26/><G109/><T58/><D25/><U76/><E7/><V65/><F121/><W47/><G67/><T131/><D131/><U134/><E134/><N who="3" m="51818" /><G26/><T82/><D82/><N who="1" m="49303" /><E45/><N who="2" m="28047" /><F12/><N who="3" m="7327" /><G47/><T78/><D1/><U29/><E29/><V129/><F129/><W80/><G51/><T52/><D69/><U128/><E27/><V117/><F65/><W75/><G75/><T112/><D64/><U22/><E128/><V125/><F125/><W79/><G79/><N who="1" m="30282" /><E22/><V8/><F68/><W60/><G60/><T61/><D71/><U32/><E32/><V20/><F50/><W120/><G120/><T72/><D112/><U23/><E23/><V86/><F46/><W18/><G18/><T19/><D72/><U135/><E135/><V43/><F34/><W4/><G4/><T16/><D78/><U103/><AGARI ba="0,0" hai="57,63,66,96,98,101,102,103" m="30282,49303" machi="103" ten="30,1500,0" yaku="8,1" doraHai="130" who="1" fromWho="1" sc="370,-5,240,15,117,-5,273,-5" /><INIT seed="1,1,0,2,3,128" ten="365,255,112,268" oya="1" hai0="76,64,71,82,97,102,25,89,28,67,52,32,65" hai1="39,100,37,57,85,17,80,116,63,36,96,72,24" hai2="111,124,33,26,62,31,130,98,10,120,8,13,133" hai3="4,119,58,105,90,16,86,70,123,77,95,79,88"/><U121/><E116/><V127/><F98/><W3/><G123/><T50/><D89/><U6/><E6/><N who="2" m="3223" /><F62/><W7/><G70/><T56/><D71/><U78/><E121/><V53/><F53/><W22/><G105/><T108/><D108/><U61/><E72/><V34/><F130/><W41/><G41/><T107/><REACH who="0" step="1"/><D65/><REACH who="0" step="2"/><U93/><E57/><V91/><F91/><W131/><G131/><T106/><D106/><U40/><E40/><V101/><F101/><W19/><G119/><T27/><D27/><U49/><E24/><N who="2" m="18663" /><F111/><W110/><G110/><T11/><D11/><U51/><E51/><V118/><F118/><W45/><G58/><T92/><D92/><U43/><E49/><V15/><F120/><W74/><G90/><T47/><D47/><U125/><E43/><V30/><F133/><W44/><G45/><T87/><AGARI ba="1,1" hai="25,28,32,50,52,56,64,67,76,82,87,97,102,107" machi="87" ten="20,5200,0" yaku="1,1,0,1,7,1,54,1,53,0" doraHai="128" doraHaiUra="14" who="0" fromWho="0" sc="355,65,255,-27,112,-14,268,-14" /><INIT seed="2,0,0,1,0,122" ten="420,228,98,254" oya="2" hai0="109,66,131,16,85,108,11,3,92,106,120,61,69" hai1="72,34,121,100,50,84,1,78,91,75,25,4,89" hai2="128,20,93,36,55,101,27,48,43,53,38,44,114" hai3="63,64,124,18,102,127,132,117,2,134,35,81,59"/><V52/><F114/><W33/><G117/><T40/><D106/><U37/><E37/><V107/><F107/><W12/><G102/><T67/><D120/><U113/><E113/><V103/><F128/><W79/><G2/><T95/><D131/><U88/><E121/><V70/><F70/><W45/><G45/><T87/><D40/><U46/><E100/><V32/><F32/><W51/><G51/><T77/><D67/><U7/><E84/><N who="0" m="32329" /><D77/><U105/><E105/><V22/><F103/><W130/><G81/><T80/><D80/><U90/><E90/><V115/><F115/><W125/><G79/><T39/><D39/><U13/><E1/><V86/><F20/><N who="3" m="11335" /><G33/><T76/><D76/><U58/><E78/><V104/><F104/><W14/><G14/><N who="0" m="7263" /><D3/><U42/><E72/><V54/><N who="2" m="13312" /><DORA hai="41" /><V112/><F112/><W49/><G49/><T133/><D133/><N who="3" m="51305" /><G35/><T71/><D71/><U96/><E75/><V47/><F47/><W68/><G68/><T24/><D24/><U19/><E34/><V31/><REACH who="2" step="1"/><F101/><REACH who="2" step="2"/><W97/><G130/><T129/><D129/><U9/><E46/><V126/><F126/><W74/><G125/><T6/><D69/><U23/><E42/><V94/><F94/><W119/><G124/><T99/><D95/><U21/><E21/><V0/><F0/><W65/><G127/><T82/><D92/><U98/><E23/><V29/><F29/><W8/><G119/><T15/><D66/><U26/><E25/><V123/><F123/><W10/><G65/><T62/><D82/><U30/><E26/><V116/><F116/><RYUUKYOKU ba="0,1" sc="420,-10,228,-10,88,30,254,-10" hai2="22,27,31,36,38,43,44,48,86,93" /><INIT seed="2,1,1,0,3,82" ten="410,218,118,244" oya="2" hai0="67,105,129,99,130,115,120,88,17,108,125,133,112" hai1="81,94,41,117,123,70,10,90,19,127,85,66,83" hai2="122,13,73,32,92,126,49,42,36,68,93,60,11" hai3="64,46,75,87,80,59,12,26,114,18,2,28,135"/><V124/><F122/><W72/><G135/><T6/><D120/><U1/><E117/><V53/><F73/><W20/><G2/><T78/><D133/><U113/><E113/><V74/><F32/><W34/><G114/><T128/><D108/><U103/><E123/><V9/><F74/><W25/><G25/><T102/><D125/><N who="2" m="48234" /><F36/><W21/><G34/><T96/><D78/><U101/><E127/><V50/><F42/><W56/><G46/><T119/><D119/><U15/><E41/><V29/><F29/><W111/><G111/><T98/><D6/><U116/><E116/><V118/><F118/><W33/><G33/><T40/><D40/><U65/><E1/><V54/><F68/><W22/><G22/><T47/><D112/><U3/><E3/><V97/><F60/><W24/><G12/><T91/><D115/><U121/><E121/><V84/><F84/><W51/><G51/><N who="2" m="19465" /><F97/><W16/><G28/><T48/><D99/><U37/><E37/><V43/><F43/><W14/><G14/><T4/><D98/><U45/><E70/><V77/><F77/><W55/><G64/><N who="1" m="24682" /><E45/><V61/><F61/><W23/><G75/><T0/><D67/><U79/><E79/><V89/><F13/><W132/><G72/><T57/><D0/><U52/><E52/><N who="2" m="20075" /><F89/><N who="3" m="51431" /><G132/><T31/><D31/><U110/><E110/><V134/><F134/><W5/><G26/><T39/><D39/><U131/><E83/><V58/><F58/><W106/><G56/><T95/><D57/><U63/><E63/><V8/><AGARI ba="1,1" hai="8,9,11,92,93" m="20075,19465,48234" machi="8" ten="40,12000,1" yaku="28,2,18,1,54,1" doraHai="82" who="2" fromWho="2" sc="410,-41,218,-41,118,133,244,-41" /><INIT seed="2,2,0,2,1,0" ten="369,177,251,203" oya="2" hai0="76,103,70,89,32,31,90,9,66,6,65,120,100" hai1="58,93,17,4,82,19,41,38,105,107,77,11,128" hai2="102,118,5,109,24,43,97,37,2,25,73,68,48" hai3="35,108,127,117,111,71,99,110,23,131,132,57,106"/><V51/><F118/><W15/><G117/><T92/><D120/><U26/><E58/><V12/><F73/><W74/><G71/><T13/><D76/><U115/><E115/><V53/><F68/><W101/><G74/><T18/><D32/><U96/><E128/><V126/><F2/><W72/><G72/><T87/><D31/><U114/><E114/><V28/><F37/><W20/><G131/><T84/><D18/><U83/><E26/><V45/><F126/><W1/><G35/><T63/><D66/><U75/><E83/><AGARI ba="2,0" hai="6,9,13,63,65,70,83,84,87,89,90,92,100,103" machi="83" ten="30,2000,0" yaku="7,1,52,1" doraHai="0" who="0" fromWho="1" sc="369,26,177,-26,251,0,203,0" /><INIT seed="3,0,0,3,2,84" ten="395,151,251,203" oya="3" hai0="116,122,106,28,44,66,78,6,49,114,97,94,98" hai1="56,89,108,36,38,95,39,109,126,2,12,91,68" hai2="130,31,17,50,87,134,75,7,37,96,133,88,4" hai3="123,71,0,35,54,30,99,93,65,58,34,59,29"/><W64/><G123/><T9/><D116/><U19/><E2/><V60/><F37/><W67/><G0/><T73/><D122/><U79/><E68/><V8/><F75/><W81/><G71/><T76/><D28/><U74/><E126/><V47/><F130/><W48/><G81/><T43/><D66/><U61/><E74/><V129/><F129/><W40/><G40/><T5/><D114/><U118/><E79/><V20/><F31/><W125/><G125/><T70/><D70/><U135/><E118/><V25/><F60/><W127/><G127/><T119/><D119/><U21/><E135/><V83/><F96/><W22/><G22/><T85/><D106/><U102/><E102/><V27/><F27/><W72/><G72/><T103/><D98/><U112/><E112/><V80/><F80/><W121/><G121/><T18/><D73/><U26/><E95/><V104/><F104/><W52/><G34/><T111/><D78/><U23/><E23/><V82/><F82/><W101/><REACH who="3" step="1"/><G35/><REACH who="3" step="2"/><T11/><D43/><U86/><E26/><V110/><F134/><W15/><G15/><T45/><D76/><U131/><E131/><V115/><F133/><W53/><G53/><T63/><D11/><U32/><E32/><V10/><F115/><W117/><G117/><T14/><D9/><N who="2" m="3690" /><F110/><N who="1" m="42601" /><E86/><V41/><AGARI ba="0,1" hai="4,7,17,20,25,41,47,50,83,87,88" m="3690" machi="41" ten="30,4000,0" yaku="8,1,52,1,54,1" doraHai="84" who="2" fromWho="2" sc="395,-10,151,-10,251,50,193,-20" owari="385,49,141,-36,301,10,173,-23" /></mjloggm>