<mjloggm ver="2.3"><GO type="169"/><UN n0="%70%74%E5%8A%B9%E7%8E%87%E6%89%93%E6%B3%95" n1="%E6%AF%94%E5%98%89%E7%A7%80%E4%BB%81" n2="%E3%82%AA%E3%82%AB%E3%83%AB%EF%BD%94" n3="%E3%80%93%E3%81%84%E3%81%A1%E3%81%AF%E3%82%89%E3%80%93" dan="16,16,16,18" rate="2089,2142,2089,2187" sx="M,M,M,M"/><TAIKYOKU oya="0"/><INIT seed="0,0,0,5,1,24" ten="250,250,250,250" oya="0" hai0="88,20,49,55,29,56,97,114,119,122,45,103,16" hai1="110,51,111,128,101,93,85,42,124,126,26,67,100" hai2="32,35,8,91,76,48,15,28,105,115,80,43,83" hai3="57,82,11,47,81,109,27,72,61,113,25,74,60"/><T104/><D114/><U132/><E67/><V69/><F105/><W117/><G113/><T102/><D119/><U86/><E26/><V108/><F69/><W53/><G117/><T134/><D122/><U94/><E42/><V133/><F108/><N who="1" m="41513" /><E51/><V125/><F125/><N who="1" m="48233" /><E132/><V135/><F115/><W112/><G112/><T58/><D103/><N who="1" m="39499" /><E128/><V131/><F131/><W13/><G109/><T22/><D134/><N who="2" m="51210" /><F28/><W59/><G47/><T44/><D56/><U14/><E14/><V87/><F48/><W23/><G27/><T65/><D65/><U38/><E38/><V31/><F31/><W63/><G59/><T41/><D29/><U12/><E12/><V73/><F43/><W92/><G57/><T17/><D22/><U106/><E106/><V89/><F32/><W129/><G129/><T19/><D20/><U121/><E121/><V118/><F35/><W7/><G23/><T78/><D41/><U68/><E68/><V77/><F118/><W95/><G25/><T33/><D33/><U79/><E79/><V21/><F21/><W6/><G53/><T130/><D78/><U50/><E50/><V9/><F9/><W107/><G107/><T71/><D71/><U2/><E2/><V127/><F127/><W84/><G13/><T30/><D130/><U54/><E54/><V96/><F15/><W52/><G52/><T66/><D30/><U1/><E1/><V75/><F8/><W37/><G37/><T5/><D45/><U99/><E99/><V3/><F3/><W0/><G0/><T64/><D44/><U120/><E120/><V40/><F40/><RYUUKYOKU ba="0,0" sc="250,-10,250,30,250,-10,250,-10" hai1="85,86,93,94" /><INIT seed="1,1,0,0,3,101" ten="240,280,240,240" oya="1" hai0="105,28,99,33,39,53,106,15,133,98,59,109,40" hai1="107,48,117,129,22,37,11,67,30,45,3,112,78" hai2="51,80,63,77,19,84,85,118,66,122,14,65,88" hai3="116,20,5,17,115,120,128,90,83,135,134,87,97"/><U58/><E117/><V71/><F122/><W103/><G120/><T82/><D82/><U27/><E112/><V62/><F118/><W126/><G116/><T73/><D73/><U18/><E37/><V8/><F51/><W12/><G115/><T114/><D114/><U125/><E78/><V36/><F36/><W41/><G41/><T42/><D28/><U93/><E129/><V91/><REACH who="2" step="1"/><F84/><REACH who="2" step="2"/><W102/><G128/><T69/><D39/><U111/><E48/><V92/><F92/><W61/><G134/><T86/><D86/><U43/><E93/><V81/><F81/><W13/><G135/><T54/><D133/><U108/><E108/><V16/><F16/><W95/><G126/><T10/><D109/><U124/><E111/><V31/><F31/><W52/><G5/><T25/><D98/><U130/><E125/><V0/><F0/><W4/><G4/><T119/><D99/><U55/><E124/><V127/><F127/><W94/><G94/><T24/><D119/><U75/><E130/><V2/><F2/><W100/><G13/><T110/><D15/><U47/><E18/><V68/><AGARI ba="1,1" hai="8,14,19,62,63,65,66,68,71,77,80,85,88,91" machi="68" ten="20,8000,1" yaku="1,1,0,1,7,1,9,1,54,1,53,0" doraHai="101" doraHaiUra="26" who="2" fromWho="2" sc="240,-21,280,-41,230,93,240,-21" /><INIT seed="2,0,0,4,4,23" ten="219,239,323,219" oya="2" hai0="9,60,21,75,67,43,38,45,69,68,49,105,109" hai1="19,119,125,36,30,54,53,48,84,135,121,129,61" hai2="111,25,81,5,52,26,114,90,65,11,13,76,83" hai3="130,70,95,20,59,104,56,133,2,37,4,6,80"/><V7/><F114/><W29/><G70/><T58/><D75/><U33/><E36/><V101/><F111/><W63/><G104/><T82/><D105/><U71/><E119/><V100/><F5/><W79/><G37/><T122/><D82/><N who="2" m="31242" /><F65/><W116/><G116/><T27/><D122/><U131/><E135/><V39/><F39/><W124/><G133/><T87/><D87/><U62/><E125/><V99/><F76/><W107/><G107/><T24/><D109/><U16/><E84/><V88/><F52/><N who="1" m="20073" /><E48/><V123/><F123/><W28/><G124/><T127/><D127/><U94/><E94/><N who="2" m="56775" /><F90/><W57/><G2/><T98/><D98/><U44/><E44/><V93/><F101/><W77/><G77/><T15/><D38/><U0/><E0/><V34/><F34/><W10/><G79/><T112/><D112/><U96/><E96/><AGARI ba="0,0" hai="7,11,13,25,26,93,96,100" m="56775,31242" machi="96" ten="30,11600,0" yaku="8,1,52,2,54,1" doraHai="23" who="2" fromWho="1" sc="219,0,239,-116,323,116,219,0" /><INIT seed="2,1,0,4,0,89" ten="219,123,439,219" oya="2" hai0="58,113,23,94,32,79,45,96,93,80,1,37,64" hai1="40,16,84,11,59,20,65,26,83,95,116,131,30" hai2="51,134,46,112,9,44,81,56,14,109,71,29,67" hai3="119,125,127,129,69,108,130,60,57,122,126,132,91"/><V103/><F112/><W77/><G77/><T135/><D32/><U22/><E116/><V52/><F134/><W99/><G119/><T39/><D113/><U66/><E131/><N who="3" m="50186" /><G122/><T106/><D1/><U8/><E40/><V41/><F109/><W24/><G24/><T18/><D135/><U61/><E66/><V120/><F120/><W74/><G74/><T104/><D104/><U55/><E65/><V62/><F29/><W70/><G132/><T7/><D7/><U3/><E3/><V118/><F118/><W63/><G108/><T100/><D58/><U12/><REACH who="1" step="1"/><E95/><REACH who="1" step="2"/><V17/><F81/><W114/><G114/><T43/><D64/><U75/><E75/><V68/><F103/><W50/><G99/><T15/><D39/><AGARI ba="1,1" hai="9,14,17,39,41,44,46,51,52,56,62,67,68,71" machi="39" ten="30,2900,0" yaku="7,1,54,1" doraHai="89" who="2" fromWho="0" sc="219,-32,113,0,439,42,219,0" /><INIT seed="2,2,0,0,5,29" ten="187,113,481,219" oya="2" hai0="0,14,16,121,73,93,123,78,10,85,38,101,6" hai1="103,133,57,88,130,118,113,15,17,97,75,134,46" hai2="20,83,92,63,115,116,87,65,129,94,43,131,102" hai3="47,119,12,36,19,91,95,21,111,41,66,105,98"/><V55/><F115/><W1/><G111/><T51/><D38/><U76/><E118/><V23/><F116/><W106/><G119/><T114/><D114/><U107/><E113/><V71/><F43/><W60/><REACH who="3" step="1"/><G1/><REACH who="3" step="2"/><T44/><D121/><U126/><E134/><V2/><F2/><W33/><G33/><T48/><D123/><U31/><E133/><V70/><F70/><AGARI ba="2,1" hai="12,19,21,36,41,47,60,66,70,91,95,98,105,106" machi="70" ten="30,3900,0" yaku="1,1,7,1,53,1" doraHai="29" doraHaiUra="37" who="3" fromWho="2" sc="187,0,113,0,481,-45,209,55" /><INIT seed="3,0,0,2,5,12" ten="187,113,436,264" oya="3" hai0="54,2,41,5,75,69,35,13,119,86,118,132,40" hai1="99,28,63,48,3,4,91,106,23,53,0,83,117" hai2="20,109,61,14,33,105,100,123,108,134,24,70,56" hai3="126,114,116,38,8,45,46,62,9,127,1,31,84"/><W125/><G116/><T79/><D35/><U96/><E117/><V11/><F134/><W68/><G114/><T135/><D69/><U129/><E129/><V104/><F70/><W7/><G31/><T51/><D2/><U36/><E36/><V6/><F33/><W58/><G68/><T74/><D86/><U43/><E43/><V60/><F123/><W50/><G38/><T131/><D13/><U95/><E63/><N who="2" m="24139" /><F56/><W133/><G133/><T34/><D51/><U124/><E83/><V113/><F100/><W64/><G9/><T16/><D34/><U98/><E4/><V102/><F102/><W26/><G26/><T44/><D5/><U120/><E120/><V110/><F113/><W39/><G39/><T73/><D73/><U101/><E99/><V49/><F49/><W121/><G121/><T55/><D44/><U82/><E82/><V59/><F59/><W67/><G84/><T78/><D131/><U87/><E98/><V103/><F103/><W85/><G85/><T80/><D80/><U32/><E32/><V115/><F115/><W30/><G30/><AGARI ba="0,0" hai="6,11,14,20,24,30,104,105,108,109,110" m="24139" machi="30" ten="30,1000,0" yaku="14,1" doraHai="12" who="2" fromWho="3" sc="187,0,113,0,436,10,264,-10" /><INIT seed="4,0,0,2,2,45" ten="187,113,446,254" oya="0" hai0="120,48,93,27,80,35,135,108,115,40,46,60,25" hai1="106,98,49,11,82,97,78,94,74,131,7,67,85" hai2="107,71,77,32,114,84,116,51,17,86,68,41,31" hai3="118,19,121,63,83,55,18,91,76,124,8,30,105"/><T109/><D120/><U39/><E39/><V20/><F107/><W5/><G105/><T23/><D135/><U36/><E36/><V123/><F123/><W0/><G118/><T10/><D115/><U26/><E131/><V90/><F116/><W130/><G121/><T53/><D35/><U14/><E67/><V122/><F31/><W95/><G30/><T12/><D93/><U99/><E26/><V127/><F32/><W6/><G6/><T117/><D117/><U126/><E126/><V33/><F33/><W50/><G63/><T3/><D3/><U64/><E64/><V110/><F110/><N who="0" m="42602" /><D80/><U29/><E29/><V134/><F127/><W47/><G130/><T52/><D23/><U13/><E13/><V133/><F122/><W57/><G124/><T72/><D72/><U56/><E74/><V42/><F77/><W104/><G104/><T128/><D128/><U16/><E7/><V88/><F20/><W132/><G132/><T38/><D60/><U9/><E9/><V2/><F17/><W96/><G47/><N who="0" m="23959" /><D53/><N who="1" m="31791" /><E106/><V73/><F73/><AGARI ba="0,0" hai="0,5,8,18,19,50,55,57,73,76,83,91,95,96" machi="73" ten="30,2000,0" yaku="7,1,52,1" doraHai="45" who="3" fromWho="2" sc="187,0,113,0,446,-20,254,20" /><INIT seed="5,0,0,2,1,112" ten="187,113,426,274" oya="1" hai0="68,72,124,1,25,29,83,20,133,63,106,84,38" hai1="44,37,60,52,105,122,40,123,94,70,81,43,73" hai2="126,0,104,77,132,127,21,30,47,35,88,14,12" hai3="24,36,45,10,129,102,22,50,15,4,54,119,39"/><U91/><E105/><V111/><F104/><W120/><G120/><T31/><D106/><U6/><E43/><V67/><F0/><W87/><G129/><T99/><D38/><U90/><E6/><V34/><F111/><W125/><G125/><N who="2" m="47625" /><F77/><W65/><G102/><T64/><D1/><U57/><E70/><V95/><F132/><W19/><G65/><T71/><D133/><U17/><E17/><N who="2" m="10407" /><F30/><W9/><G119/><T121/><D99/><U56/><E56/><V48/><F67/><W33/><G33/><T85/><D124/><U76/><REACH who="1" step="1"/><E91/><REACH who="1" step="2"/><V98/><F14/><W96/><G4/><T49/><D71/><U23/><E23/><V28/><F28/><W13/><G13/><T2/><D31/><U82/><E82/><V32/><F35/><W55/><G15/><T66/><D2/><U51/><E51/><V26/><F26/><W89/><G39/><T7/><D49/><U18/><E18/><V103/><F103/><W74/><G36/><T115/><D7/><U134/><E134/><V75/><F34/><W42/><G42/><T97/><D68/><U46/><E46/><V93/><F32/><W78/><G50/><T53/><D25/><U8/><E8/><V41/><F93/><W61/><G45/><T117/><D83/><U79/><E79/><V101/><F101/><W108/><G10/><T92/><D20/><U69/><E69/><V62/><F62/><W116/><G9/><T58/><D63/><U130/><E130/><V11/><F11/><W128/><G61/><T109/><D92/><U135/><E135/><V59/><F59/><RYUUKYOKU ba="0,1" sc="187,-15,103,15,426,15,274,-15" hai1="37,40,44,52,57,60,73,76,81,90,94,122,123" hai2="41,47,48,75,88,95,98" /><INIT seed="5,1,1,3,3,66" ten="172,118,441,259" oya="1" hai0="98,60,117,33,77,46,58,112,29,0,67,32,92" hai1="34,37,84,81,100,51,69,73,110,123,102,79,25" hai2="85,30,5,42,97,12,7,11,15,64,72,17,47" hai3="111,74,4,8,53,128,76,19,121,104,44,132,134"/><U26/><E123/><V2/><F72/><W109/><G121/><T23/><D117/><U9/><E37/><V94/><F30/><W105/><G128/><T99/><D112/><U124/><E124/><V87/><F64/><W54/><G19/><T52/><D0/><U48/><E110/><V78/><F2/><W31/><G31/><T131/><D131/><U95/><E69/><V122/><F122/><W119/><G119/><T21/><D77/><U135/><E135/><V107/><F107/><W118/><G118/><T35/><D29/><U91/><E9/><V50/><F78/><W22/><G22/><T63/><D98/><U68/><E68/><V16/><F5/><W126/><G126/><T18/><D18/><N who="2" m="7274" /><F15/><W14/><G76/><T129/><D129/><U38/><E38/><V71/><F71/><W62/><G74/><T55/><D55/><U56/><E34/><V45/><F47/><W57/><G105/><T41/><D67/><U116/><E116/><V106/><F106/><W113/><G104/><T65/><D65/><U93/><E56/><V101/><AGARI ba="1,1" hai="7,11,12,42,45,50,85,87,94,97,101" m="7274" machi="101" ten="30,2000,0" yaku="8,1,54,1" doraHai="66" who="2" fromWho="2" sc="172,-6,118,-11,441,33,259,-6" /><INIT seed="6,0,0,4,5,19" ten="166,107,474,253" oya="2" hai0="80,71,64,56,107,21,117,8,112,111,87,72,44" hai1="4,61,49,46,1,84,135,51,48,103,116,97,7" hai2="95,69,109,102,81,28,37,16,63,24,67,131,132" hai3="62,40,68,126,39,77,113,27,10,42,35,17,92"/><V94/><F132/><W36/><G126/><T32/><D111/><U58/><E135/><V114/><F131/><W134/><G134/><T124/><D32/><U128/><E116/><V23/><F114/><W54/><G113/><T115/><D107/><U108/><E128/><V89/><F37/><W130/><G130/><T78/><D71/><U30/><E108/><V99/><F109/><W6/><G77/><T12/><D117/><U14/><E1/><V86/><REACH who="2" step="1"/><F28/><REACH who="2" step="2"/><W47/><G39/><T120/><D115/><U98/><E30/><V43/><F43/><W79/><G42/><T15/><D112/><U74/><E46/><V82/><AGARI ba="0,1" hai="16,23,24,63,67,69,81,82,86,89,94,95,99,102" machi="82" ten="30,18000,2" yaku="1,1,0,1,52,1,54,1,53,2" doraHai="19" doraHaiUra="88" who="2" fromWho="2" sc="166,-60,107,-60,464,190,253,-60" /><INIT seed="6,1,0,0,4,113" ten="106,47,654,193" oya="2" hai0="12,98,50,117,116,37,58,24,51,38,60,7,88" hai1="39,90,93,74,32,41,11,4,103,52,89,134,42" hai2="68,81,56,99,63,80,55,84,111,33,123,110,47" hai3="2,17,0,20,129,106,28,76,27,101,69,115,18"/><V48/><F33/><W127/><G69/><T107/><D24/><U8/><E74/><V34/><F34/><W16/><G76/><T83/><D7/><U77/><E32/><V125/><F123/><W23/><G101/><T15/><D107/><U108/><E108/><N who="2" m="41515" /><F125/><W1/><G106/><T79/><D15/><U35/><E35/><V96/><F68/><W130/><G115/><T133/><D12/><U9/><E77/><N who="2" m="46095" /><F81/><W3/><G3/><T70/><D70/><U6/><E134/><V95/><F95/><W75/><G75/><T25/><D25/><U100/><E39/><V21/><F21/><N who="3" m="15471" /><G127/><T59/><D133/><U46/><E93/><V78/><F78/><W30/><G30/><T19/><D79/><U118/><E118/><N who="0" m="45673" /><D19/><U82/><E82/><V85/><F85/><W97/><G97/><T126/><D126/><U131/><E11/><V65/><AGARI ba="1,0" hai="47,48,55,56,63,65,96,99" m="46095,41515" machi="65" ten="30,1500,0" yaku="10,1" doraHai="113" who="2" fromWho="2" sc="106,-6,47,-6,654,18,193,-6" /><INIT seed="6,2,0,4,4,126" ten="100,41,672,187" oya="2" hai0="82,133,33,53,62,57,32,96,102,129,120,134,67" hai1="28,22,125,51,76,61,56,90,18,97,34,27,35" hai2="103,130,132,12,54,24,2,47,59,3,104,58,99" hai3="66,70,115,114,113,98,123,109,26,108,111,60,91"/><V9/><F130/><W80/><G26/><T122/><D82/><U87/><E125/><V127/><F132/><N who="0" m="50794" /><D53/><U71/><E71/><V119/><F127/><W10/><G10/><T105/><D129/><U121/><E51/><V94/><F119/><W84/><G98/><T5/><D5/><U16/><E121/><AGARI ba="2,0" hai="60,66,70,80,84,91,108,109,111,113,114,115,121,123" machi="121" ten="50,3200,0" yaku="15,1,11,1" doraHai="126" who="3" fromWho="1" sc="100,0,41,-38,672,0,187,38" /><AGARI ba="2,0" hai="32,33,57,62,67,96,102,105,120,121,122" m="50794" machi="121" ten="30,1000,0" yaku="20,1" doraHai="126" who="0" fromWho="1" sc="100,10,3,-10,672,0,225,0" owari="110,-29,-7,-51,672,77,225,3" /></mjloggm>