<mjloggm ver="2.3"><GO type="225"/><UN n0="%E9%8A%80%E9%81%8A%E7%A7%81%E4%BA%BA" n1="%72%61%72%61%70%70%65" n2="%E3%81%B6%E3%81%A3%E3%81%A8%E3%81%B3%E4%BE%8D" n3="%E7%9C%9F%E9%BE%8D%E2%80%A6" dan="16,16,17,17" rate="2023,2148,2101,2110" sx="M,M,M,F"/><TAIKYOKU oya="0"/><INIT seed="0,0,0,1,1,52" ten="250,250,250,250" oya="0" hai0="62,49,16,122,97,99,59,53,64,134,85,104,74" hai1="57,130,128,70,54,56,76,6,117,38,120,127,112" hai2="10,27,20,123,44,66,91,110,11,77,31,105,135" hai3="72,113,129,133,86,21,108,55,79,33,0,131,78"/><T126/><D122/><U26/><E120/><V114/><F123/><W3/><G113/><T35/><D74/><U98/><E112/><V89/><F114/><W61/><G33/><T17/><D35/><U115/><E115/><V5/><F105/><W71/><G72/><T119/><D119/><U41/><E70/><V69/><F77/><N who="3" m="29195" /><G71/><T8/><D134/><U32/><E117/><V95/><F135/><W9/><G133/><T19/><D126/><U23/><E32/><V30/><F30/><W43/><G43/><T7/><D85/><U88/><E76/><V111/><F44/><W13/><G86/><T60/><D104/><U48/><E6/><V40/><F40/><W42/><G42/><T84/><D84/><U67/><E127/><V101/><F101/><W132/><G108/><T65/><D65/><U83/><E41/><V12/><F11/><W107/><G107/><T96/><REACH who="0" step="1"/><D64/><REACH who="0" step="2"/><U2/><E67/><V14/><F66/><W81/><G132/><T93/><D93/><N who="1" m="56615" /><E83/><V22/><F69/><W109/><G81/><T45/><D45/><N who="1" m="27919" /><E38/><V1/><F111/><W121/><G109/><T34/><D34/><U46/><E46/><V102/><F110/><W15/><G121/><T82/><D82/><U4/><E130/><V73/><F73/><W100/><G131/><T36/><D36/><U103/><E128/><V39/><F39/><W94/><G129/><T87/><D87/><U51/><E51/><V80/><F80/><W125/><G94/><T63/><D63/><U106/><E106/><V47/><F95/><W50/><G125/><T68/><D68/><RYUUKYOKU ba="0,1" sc="240,30,250,-10,250,-10,250,-10" hai0="7,8,16,17,19,49,53,59,60,62,96,97,99" /><INIT seed="0,1,1,2,0,79" ten="270,240,240,240" oya="0" hai0="114,118,44,111,105,120,117,65,15,41,82,122,85" hai1="50,94,125,21,57,71,19,45,62,39,97,86,129" hai2="132,81,70,80,84,107,35,68,69,126,61,29,34" hai3="99,73,28,101,5,18,10,25,112,66,83,133,110"/><T53/><D105/><U7/><E129/><V12/><F107/><W135/><G112/><T6/><D114/><U52/><E125/><V38/><F38/><W128/><G110/><T58/><D111/><U49/><E7/><V1/><F1/><W92/><G128/><T0/><D65/><U88/><E71/><V106/><F106/><W4/><G66/><T42/><D0/><U113/><E113/><V11/><F126/><W123/><G123/><T124/><D124/><U77/><E39/><V16/><F132/><N who="3" m="50763" /><G18/><T134/><D134/><U78/><E86/><V119/><F119/><W22/><G10/><T76/><D41/><N who="1" m="24751" /><E50/><V17/><F17/><W116/><G116/><T46/><D46/><U59/><E59/><V56/><F29/><W103/><G103/><T43/><D43/><U30/><E30/><V47/><F47/><W67/><G67/><T104/><D118/><U95/><E95/><V37/><F37/><W87/><G73/><T98/><D117/><U96/><E96/><V33/><REACH who="2" step="1"/><F84/><REACH who="2" step="2"/><W127/><G127/><T20/><D104/><U63/><E63/><V2/><F2/><W130/><G130/><T32/><D44/><U36/><E36/><V48/><F48/><W60/><G60/><T93/><D6/><U102/><E102/><V72/><F72/><W100/><G100/><T90/><D122/><U9/><E9/><V91/><F91/><AGARI ba="1,2" hai="4,5,22,25,28,83,87,91,92,99,101" m="50763" machi="91" ten="30,2000,0" yaku="20,1,52,1" doraHai="79" who="3" fromWho="2" sc="270,0,240,0,230,-23,240,43" /><INIT seed="1,0,0,0,5,97" ten="270,240,207,283" oya="1" hai0="11,96,40,18,104,13,127,85,31,88,27,12,29" hai1="57,89,20,51,134,128,8,39,91,120,103,4,135" hai2="84,82,55,75,71,74,117,126,110,79,35,109,44" hai3="42,3,6,60,1,121,0,10,108,105,56,21,41"/><U93/><E39/><V52/><F35/><W113/><G121/><T99/><D127/><U86/><E120/><V94/><F117/><W15/><G113/><T66/><D40/><U45/><E128/><V5/><F126/><W116/><G108/><N who="2" m="41577" /><F71/><W63/><G105/><T95/><D66/><U14/><E57/><V90/><F5/><W76/><G116/><T98/><D104/><U50/><E20/><V33/><F33/><W49/><G76/><T47/><D47/><U80/><E103/><V26/><F26/><W101/><G101/><T17/><REACH who="0" step="1"/><D27/><REACH who="0" step="2"/><U111/><E111/><V102/><F44/><W22/><G41/><T43/><D43/><U68/><E68/><V131/><F131/><W92/><G42/><T81/><D81/><U36/><E36/><V124/><F124/><W73/><G56/><T77/><D77/><U70/><E70/><V78/><F78/><W72/><G73/><N who="2" m="27657" /><F102/><W25/><G72/><AGARI ba="0,1" hai="52,55,72,79,82,84,90,94" m="27657,41577" machi="72" ten="30,2000,0" yaku="14,1,54,1" doraHai="97" who="2" fromWho="3" sc="260,0,240,0,207,30,283,-20" /><INIT seed="2,0,0,3,2,96" ten="260,240,237,263" oya="2" hai0="70,12,115,13,38,0,114,132,74,120,24,29,110" hai1="5,111,27,134,102,66,91,116,90,97,16,22,128" hai2="69,51,18,73,35,118,85,41,101,37,54,107,8" hai3="14,112,26,19,83,46,113,79,135,109,87,42,4"/><V89/><F73/><W30/><G109/><T25/><D74/><U52/><E116/><V94/><F118/><W78/><G135/><T6/><D38/><U48/><E134/><V105/><F35/><W31/><G78/><T106/><D70/><U108/><E128/><V49/><F69/><W121/><G121/><T28/><D106/><U10/><E66/><V72/><F37/><W68/><G68/><T93/><D93/><N who="1" m="58671" /><E5/><V21/><F8/><N who="3" m="4359" /><G26/><T86/><D132/><U50/><E10/><V55/><F72/><W43/><G19/><T56/><D6/><U123/><E50/><V80/><F41/><W76/><G76/><T64/><D64/><U131/><E131/><V71/><F71/><W77/><G77/><T39/><D39/><U81/><E81/><V127/><F107/><W2/><G2/><T103/><D0/><U95/><E95/><V60/><F105/><W124/><G124/><T53/><D110/><N who="1" m="42027" /><E123/><V122/><F122/><W40/><G46/><AGARI ba="0,0" hai="16,22,27,46,48,52,90,91" m="42027,58671" machi="46" ten="30,7700,0" yaku="14,1,52,1,54,2" doraHai="96" who="1" fromWho="3" sc="260,0,240,77,237,0,263,-77" /><INIT seed="3,0,0,2,4,111" ten="260,317,237,186" oya="3" hai0="37,120,133,116,31,126,7,101,91,34,15,33,129" hai1="55,36,54,102,6,93,131,130,8,132,68,70,47" hai2="66,87,18,98,82,29,135,83,44,92,79,97,17" hai3="40,67,114,127,10,84,63,2,45,65,14,106,112"/><W61/><G106/><T20/><D116/><U128/><E132/><V19/><F135/><W113/><G2/><T73/><D133/><U59/><E93/><V57/><F29/><W104/><G104/><T107/><D120/><U81/><E81/><V16/><F44/><W23/><G23/><T119/><D119/><U11/><E102/><V24/><F83/><W117/><G117/><T13/><D73/><U41/><E11/><V99/><F24/><W103/><G103/><T28/><D37/><U96/><E96/><V12/><F66/><N who="3" m="25099" /><G14/><T0/><D101/><U64/><E64/><V56/><REACH who="2" step="1"/><F92/><REACH who="2" step="2"/><W48/><G84/><T35/><D107/><U115/><E131/><V39/><F39/><W109/><G10/><AGARI ba="0,1" hai="10,12,16,17,18,19,56,57,79,82,87,97,98,99" machi="10" ten="40,8000,1" yaku="1,1,8,1,54,1,53,1" doraHai="111" doraHaiUra="75" who="2" fromWho="3" sc="260,0,317,0,227,90,186,-80" owari="260,-14,317,41,317,12,106,-39" /></mjloggm>