<mjloggm ver="2.3"><GO type="225"/><UN n0="%72%61%72%61%70%70%65" n1="%61%62%61%6E%74%65%73" n2="%61%61%33%31%39%33" n3="%E3%83%98%E3%83%9C%EF%BC%A0%E6%9D%B1%E9%A2%A8" dan="16,16,16,16" rate="2143,2077,2119,2092" sx="M,M,F,M"/><TAIKYOKU oya="0"/><INIT seed="0,0,0,3,0,64" ten="250,250,250,250" oya="0" hai0="105,9,106,99,108,56,112,38,100,33,107,20,135" hai1="98,134,46,65,127,104,128,55,21,81,54,124,129" hai2="30,115,63,6,28,75,53,29,69,77,118,110,123" hai3="18,43,58,67,93,78,87,101,45,26,52,32,80"/><T48/><D38/><U72/><E21/><V90/><F115/><W8/><G67/><T130/><D33/><U23/><E23/><V71/><F123/><W24/><G32/><T12/><D112/><U68/><E72/><V34/><F34/><W41/><G41/><T102/><D130/><N who="1" m="50283" /><E81/><V1/><F90/><W103/><G8/><T47/><D135/><U4/><E4/><V84/><F75/><W0/><G0/><T57/><D108/><U60/><E134/><V42/><F42/><W96/><G103/><T126/><D126/><N who="1" m="48171" /><E46/><V11/><F77/><W116/><G18/><T15/><D20/><U91/><E91/><V36/><F84/><W50/><REACH who="3" step="1"/><G116/><REACH who="3" step="2"/><T3/><D3/><U39/><E39/><AGARI ba="0,1" hai="24,26,39,43,45,50,52,58,78,80,87,93,96,101" machi="39" ten="30,8000,1" yaku="1,1,2,1,7,1,54,1,53,1" doraHai="64" doraHaiUra="89" who="3" fromWho="1" sc="250,0,250,-80,250,0,240,90" /><INIT seed="1,0,0,4,0,24" ten="250,170,250,330" oya="1" hai0="98,117,69,103,74,25,12,124,94,84,89,4,62" hai1="46,118,43,21,126,99,11,135,38,16,7,33,83" hai2="76,5,121,10,75,35,42,130,65,63,54,56,37" hai3="111,108,32,67,1,3,119,45,90,34,18,125,39"/><U51/><E118/><V44/><F121/><W116/><G125/><T114/><D74/><U107/><E126/><V115/><F130/><W71/><G71/><T13/><D117/><N who="3" m="45129" /><G67/><T80/><D114/><U22/><E33/><N who="3" m="12906" /><G18/><T104/><D124/><U26/><E135/><V2/><F35/><W106/><G106/><T30/><D4/><U96/><E83/><N who="2" m="45471" /><F115/><W110/><G90/><T91/><D25/><U100/><E99/><V72/><F72/><W31/><G31/><T29/><D62/><U53/><E22/><V87/><F87/><W9/><G9/><T105/><D69/><U6/><REACH who="1" step="1"/><E11/><REACH who="1" step="2"/><V109/><F109/><W68/><G68/><T66/><D105/><U122/><E122/><V120/><F120/><W97/><G97/><T85/><REACH who="0" step="1"/><D66/><AGARI ba="0,1" hai="2,5,10,37,42,44,54,56,63,65,66" m="45471" machi="66" ten="30,1000,0" yaku="25,1" doraHai="24" who="2" fromWho="0" sc="250,-10,160,0,250,20,330,0" /><INIT seed="2,0,0,4,2,55" ten="240,160,270,330" oya="2" hai0="134,63,1,132,86,52,124,38,117,104,91,15,78" hai1="118,77,108,121,60,129,58,20,49,33,98,133,107" hai2="123,90,62,9,29,65,68,96,106,76,47,127,116" hai3="111,7,93,35,101,95,130,34,51,125,64,128,119"/><V24/><F123/><W69/><G119/><T113/><D38/><U45/><E33/><N who="2" m="20647" /><F116/><W115/><G111/><T10/><D1/><U17/><E118/><V84/><F76/><W19/><G125/><T85/><D124/><U16/><E77/><V12/><F127/><W54/><G7/><T74/><D104/><U103/><E108/><V40/><F90/><W88/><G115/><T71/><D71/><U31/><E129/><N who="3" m="49770" /><G101/><T18/><D113/><U25/><E133/><N who="0" m="51305" /><D117/><U89/><E121/><V36/><F84/><N who="3" m="52359" /><G95/><T120/><D120/><U131/><E131/><V43/><F43/><W81/><G81/><N who="0" m="45271" /><D91/><U105/><E105/><V27/><F27/><W57/><G19/><T44/><D44/><U83/><E89/><V67/><F67/><W28/><G28/><T14/><D14/><U100/><E83/><V37/><F12/><W30/><G30/><T8/><D8/><U94/><E103/><N who="2" m="62823" /><F9/><W114/><G114/><T82/><D82/><U72/><E107/><V21/><F21/><W70/><G70/><T80/><D80/><U32/><E32/><V73/><F36/><W22/><G22/><T75/><D75/><AGARI ba="0,0" hai="37,40,47,62,65,68,73,75" m="62823,20647" machi="75" ten="30,5800,0" yaku="25,1,33,2" doraHai="55" who="2" fromWho="0" sc="240,-58,160,0,270,58,330,0" /><INIT seed="2,1,0,1,4,43" ten="182,160,328,330" oya="2" hai0="48,6,103,117,41,68,11,18,94,67,45,90,31" hai1="57,87,104,29,53,75,64,88,100,130,105,54,22" hai2="78,121,74,73,21,132,52,10,126,70,107,30,82" hai3="39,61,80,14,59,122,125,33,7,34,32,46,123"/><V2/><F121/><W134/><G134/><T99/><D117/><U60/><E75/><V96/><F132/><W124/><G80/><T109/><D109/><U50/><E130/><V77/><F126/><N who="3" m="48747" /><G7/><T13/><D31/><U101/><E104/><V44/><F70/><W5/><G5/><T35/><D35/><U28/><E105/><V12/><F2/><W91/><G14/><T65/><D68/><U135/><E135/><V25/><F107/><W40/><G91/><T51/><D6/><U17/><E29/><V93/><F74/><W49/><G39/><T58/><REACH who="0" step="1"/><D90/><REACH who="0" step="2"/><U38/><E28/><V115/><F115/><W37/><G37/><T42/><D42/><U108/><E38/><V0/><F0/><W112/><G112/><T97/><D97/><U63/><E108/><V95/><F96/><W83/><G83/><T15/><D15/><N who="1" m="9535" /><E64/><AGARI ba="1,1" hai="32,33,34,40,46,49,59,61,64,122,123" m="48747" machi="64" ten="40,2600,0" yaku="18,1,52,1" doraHai="43" who="3" fromWho="1" sc="172,0,160,-29,328,0,330,39" /><INIT seed="3,0,0,5,4,54" ten="172,131,328,369" oya="3" hai0="83,28,36,132,38,53,34,129,135,8,95,19,6" hai1="72,94,45,70,108,62,65,33,20,77,63,68,13" hai2="7,67,80,73,47,78,39,101,29,5,76,133,66" hai3="15,119,121,11,117,122,41,87,128,43,116,93,100"/><W115/><G115/><T51/><D83/><U59/><E33/><V127/><F133/><N who="0" m="51274" /><D129/><U31/><E108/><V40/><F127/><W110/><G128/><T90/><D19/><U88/><E77/><V58/><F76/><W96/><G110/><T50/><D28/><U92/><E72/><V27/><F101/><W114/><G114/><T32/><D34/><U85/><E45/><V75/><F75/><W131/><G131/><T134/><D32/><U22/><E31/><V25/><F67/><W44/><G87/><N who="0" m="52703" /><D134/><U16/><E92/><V10/><F29/><W35/><G35/><T26/><D26/><U111/><E111/><V17/><F7/><W46/><G121/><T9/><D51/><U102/><E102/><V14/><F66/><W104/><G122/><T91/><D91/><U23/><REACH who="1" step="1"/><E70/><REACH who="1" step="2"/><V82/><F80/><W24/><G93/><T97/><D97/><U112/><E112/><V30/><F30/><W126/><G96/><T60/><D60/><U64/><AGARI ba="0,1" hai="13,16,20,22,23,59,62,63,64,65,68,85,88,94" machi="64" ten="20,12000,2" yaku="1,1,0,1,7,1,52,1,54,2,53,0" doraHai="54" doraHaiUra="113" who="1" fromWho="1" sc="172,-30,121,130,328,-30,369,-60" owari="142,-36,251,-15,298,10,309,41" /></mjloggm>