<mjloggm ver="2.3"><GO type="225"/><UN n0="%E7%89%99%E6%B1%AA" n1="%61%62%61%6E%74%65%73" n2="%E4%B8%AD%E7%94%BA%E3%81%8B%E3%81%AA" n3="%E3%81%B6%E3%81%A3%E3%81%A8%E3%81%B3%E4%BE%8D" dan="17,16,16,17" rate="2109,2085,2045,2107" sx="M,M,F,M"/><TAIKYOKU oya="0"/><INIT seed="0,0,0,3,3,21" ten="250,250,250,250" oya="0" hai0="28,73,10,106,87,95,64,104,72,56,85,80,69" hai1="133,89,36,90,121,19,112,70,47,12,65,26,6" hai2="55,107,130,37,76,58,114,74,33,82,97,40,51" hai3="111,29,71,94,132,48,101,44,4,23,46,20,63"/><T92/><D69/><U30/><E121/><V122/><F122/><W103/><G111/><T135/><D10/><U117/><E117/><V110/><F114/><W32/><G132/><T68/><D68/><U119/><E119/><V1/><F1/><W75/><G75/><N who="0" m="28747" /><D56/><U116/><E116/><V134/><F110/><W25/><G4/><T43/><D43/><U60/><E133/><V113/><F113/><W78/><G46/><T118/><D64/><U99/><E112/><V126/><F134/><W42/><G63/><T34/><D34/><U125/><E6/><V109/><F109/><W31/><G71/><T24/><D135/><U79/><E79/><V18/><F33/><W22/><G78/><N who="0" m="46231" /><D28/><U3/><E3/><V49/><F37/><W91/><REACH who="3" step="1"/><G29/><REACH who="3" step="2"/><T15/><D118/><U123/><E30/><V120/><F120/><W98/><AGARI ba="0,1" hai="20,22,23,25,31,32,42,44,48,91,94,98,101,103" machi="98" ten="30,7900,0" yaku="1,1,2,1,0,1,52,1,53,0" doraHai="21" doraHaiUra="59" who="3" fromWho="3" sc="250,-39,250,-20,250,-20,240,89" /><INIT seed="1,0,0,3,0,119" ten="211,230,230,329" oya="1" hai0="49,69,94,8,60,98,21,88,40,25,103,51,31" hai1="32,6,95,44,39,96,113,84,57,18,110,73,16" hai2="24,101,64,108,14,3,129,4,71,114,81,59,58" hai3="29,121,55,107,74,117,47,22,79,102,9,12,135"/><U93/><E73/><V45/><F3/><W10/><G117/><T15/><D40/><U99/><E113/><V105/><F114/><W82/><G135/><T89/><D69/><U17/><E32/><V11/><F108/><W30/><G121/><T109/><D109/><U41/><E110/><V1/><F129/><W85/><G74/><T53/><D60/><U42/><E6/><V112/><F112/><W63/><G107/><T100/><D89/><U27/><E27/><V70/><F70/><W28/><G102/><T76/><D76/><U83/><E42/><V133/><F133/><W34/><G34/><T72/><D72/><U54/><E96/><V46/><F71/><W2/><G2/><T23/><D21/><U87/><E83/><V126/><F1/><W131/><G131/><T120/><D120/><U86/><REACH who="1" step="1"/><E99/><REACH who="1" step="2"/><V130/><F81/><W56/><G82/><T7/><REACH who="0" step="1"/><D49/><AGARI ba="0,1" hai="16,17,18,39,41,44,49,54,57,84,86,87,93,95" machi="49" ten="40,7700,0" yaku="1,1,2,1,54,1,53,0" doraHai="119" doraHaiUra="125" who="1" fromWho="0" sc="211,-77,220,87,230,0,329,0" /><INIT seed="1,1,0,1,1,118" ten="134,307,230,329" oya="1" hai0="22,29,68,106,131,54,73,103,40,74,9,37,59" hai1="88,20,66,15,133,65,126,28,47,115,67,75,123" hai2="134,58,80,8,124,95,17,13,93,18,60,10,21" hai3="49,111,38,109,14,108,84,32,89,55,48,121,2"/><U77/><E115/><V69/><F69/><W110/><G2/><T114/><D68/><U56/><E123/><V112/><F124/><W72/><G72/><T105/><D114/><U27/><E126/><V107/><F107/><W71/><G38/><T25/><D131/><U99/><E133/><V90/><F134/><W76/><G32/><T64/><D64/><U43/><E15/><V102/><F112/><W86/><G71/><T83/><D9/><U50/><E75/><V97/><F80/><N who="3" m="47111" /><G110/><T79/><D73/><U98/><E77/><V16/><F8/><W11/><G55/><T6/><D6/><U24/><E24/><V3/><F10/><W53/><G53/><T85/><D74/><U87/><REACH who="1" step="1"/><E56/><REACH who="1" step="2"/><V128/><F3/><W4/><G121/><T82/><D79/><U19/><E19/><V0/><F0/><W81/><AGARI ba="1,1" hai="4,11,14,48,49,81,86,89,108,109,111" m="47111" machi="81" ten="30,1100,0" yaku="14,1" doraHai="118" who="3" fromWho="3" sc="134,-4,297,-6,230,-4,329,24" /><INIT seed="2,0,0,0,4,130" ten="130,291,226,353" oya="2" hai0="107,84,71,62,30,83,1,110,68,55,116,60,25" hai1="123,96,58,66,57,14,11,49,98,23,0,126,4" hai2="41,38,5,86,117,89,67,79,100,16,88,2,77" hai3="42,29,104,99,72,3,20,59,51,128,33,91,50"/><V35/><F117/><W118/><G118/><T37/><D107/><U44/><E126/><V28/><F100/><W56/><G72/><T64/><D37/><U36/><E36/><V97/><F97/><W124/><G3/><T85/><D116/><U121/><E0/><V95/><F67/><W112/><G33/><T40/><D40/><U39/><E39/><V27/><F89/><W122/><G122/><N who="1" m="46602" /><E23/><V105/><F105/><W125/><G128/><T9/><D110/><U47/><E47/><V102/><F102/><N who="3" m="62559" /><G91/><T18/><D83/><U26/><E26/><V114/><F114/><W21/><G21/><T69/><D69/><U12/><E12/><V113/><F113/><W87/><G87/><T133/><D133/><U74/><E74/><V76/><F38/><W46/><G51/><T106/><D106/><U48/><E48/><V129/><F41/><W43/><G42/><T10/><D1/><U103/><E66/><V90/><F90/><W108/><G112/><T17/><D64/><U78/><E78/><V54/><F129/><W109/><G20/><T131/><D131/><U19/><E98/><V81/><F77/><W127/><G29/><T134/><D30/><U92/><E19/><V93/><F16/><W132/><G108/><T63/><D63/><U32/><E32/><V52/><F76/><W61/><G109/><T115/><D115/><U53/><AGARI ba="0,0" hai="4,11,14,44,49,53,57,58,92,96,103" m="46602" machi="53" ten="30,1100,0" yaku="13,1" doraHai="130" who="1" fromWho="1" sc="130,-3,291,11,226,-5,353,-3" /><INIT seed="3,0,0,3,4,75" ten="127,302,221,350" oya="3" hai0="113,94,101,47,132,40,72,71,27,112,56,61,31" hai1="13,15,104,93,95,99,54,11,67,41,29,127,116" hai2="131,74,46,106,89,133,108,19,23,117,48,3,107" hai3="86,42,88,121,119,44,58,92,32,87,66,115,24"/><W120/><G119/><T51/><D71/><U126/><E104/><V128/><F117/><W134/><G115/><T49/><D49/><U77/><E116/><V57/><F3/><W60/><G134/><T10/><D10/><U91/><E41/><V98/><F133/><W102/><G102/><T7/><D7/><U64/><E29/><V16/><F108/><W6/><G6/><T21/><D132/><U45/><E93/><N who="2" m="56623" /><F57/><W14/><G14/><T65/><REACH who="0" step="1"/><D72/><REACH who="0" step="2"/><U97/><E11/><V73/><F74/><W109/><G121/><T5/><D5/><U55/><E126/><V17/><F73/><W85/><G120/><T118/><D118/><U81/><E127/><V28/><F131/><W135/><G135/><T22/><D22/><U1/><E1/><V80/><F128/><W100/><G109/><T2/><D2/><U8/><E8/><V0/><F0/><W35/><G35/><T50/><D50/><U125/><E125/><V105/><F48/><W82/><G32/><T62/><D62/><U124/><E124/><V90/><F23/><W18/><G60/><T63/><D63/><U84/><E45/><V25/><F46/><W39/><G44/><T33/><D33/><U26/><E26/><V38/><F25/><W83/><G24/><T70/><D70/><U129/><E129/><V76/><F38/><W37/><G39/><T130/><D130/><U78/><E15/><V43/><F43/><W96/><G37/><T123/><D123/><U30/><E13/><V12/><F12/><W36/><G36/><T59/><D59/><U79/><E30/><RYUUKYOKU ba="0,1" sc="117,30,302,-10,221,-10,350,-10" hai0="21,27,31,40,47,51,56,61,65,94,101,112,113" owari="147,-35,292,9,211,-19,350,45" /></mjloggm>