<mjloggm ver="2.3"><GO type="169"/><UN n0="%E3%81%9F%E3%81%8B%E3%81%B2%E3%82%8D%EF%BC%8A%E7%A0%94%E7%A9%B6%E9%A4%A8" n1="%E3%81%93%E3%81%AE%E3%81%8D%E3%83%BC" n2="%E5%BB%89%E5%A4%AA%E9%83%8E" n3="%68%69%74%65%72" dan="16,18,16,16" rate="2049,2181,2101,2083" sx="M,M,M,M"/><TAIKYOKU oya="0"/><INIT seed="0,0,0,2,2,88" ten="250,250,250,250" oya="0" hai0="98,67,84,45,32,19,85,104,130,11,90,120,23" hai1="86,24,10,114,14,62,72,46,7,16,81,54,58" hai2="22,27,127,18,121,36,38,115,100,57,64,134,83" hai3="29,6,75,112,77,59,109,111,123,105,128,31,40"/><T110/><D130/><U41/><E72/><V42/><F121/><W50/><G112/><T126/><D120/><U33/><E114/><V71/><F71/><W61/><G123/><T92/><D32/><U39/><E33/><V35/><F115/><W51/><G105/><T99/><D126/><U131/><E131/><V0/><F0/><W37/><G6/><T55/><D67/><U135/><E135/><V53/><F127/><W118/><G118/><T122/><D11/><U125/><E125/><V87/><F64/><W108/><G128/><T9/><D9/><U43/><E43/><V21/><F35/><W96/><G37/><T8/><D8/><U25/><REACH who="1" step="1"/><E7/><REACH who="1" step="2"/><V133/><F42/><W76/><G40/><T70/><D122/><U101/><E101/><V15/><F100/><W28/><G75/><T78/><D110/><U73/><E73/><V68/><F133/><W48/><REACH who="3" step="1"/><G96/><REACH who="3" step="2"/><T129/><D98/><U97/><E97/><V63/><F134/><W49/><N who="3" m="12800" /><DORA hai="116" /><W69/><G69/><T13/><D70/><U102/><E102/><V132/><F68/><W91/><G91/><AGARI ba="0,2" hai="10,14,16,24,25,39,41,46,54,58,62,81,86,91" machi="91" ten="30,7700,0" yaku="1,1,7,1,54,1,53,1" doraHai="88,116" doraHaiUra="113,80" who="1" fromWho="3" sc="250,0,240,97,250,0,240,-77" /><INIT seed="1,0,0,2,4,48" ten="250,337,250,163" oya="1" hai0="17,82,49,113,86,18,89,85,55,94,133,108,114" hai1="42,115,36,90,112,111,64,21,70,47,9,99,109" hai2="117,5,1,78,80,93,2,56,116,7,134,100,127" hai3="44,74,37,77,58,32,11,61,22,123,43,62,132"/><U19/><E9/><V24/><F100/><W35/><G123/><T65/><D65/><U97/><E64/><V88/><F127/><W31/><G132/><T91/><D108/><N who="1" m="41547" /><E70/><V124/><F134/><W28/><G11/><T128/><D133/><U8/><E8/><V95/><F24/><W54/><G61/><T16/><REACH who="0" step="1"/><D128/><REACH who="0" step="2"/><U52/><E115/><V122/><F124/><W76/><G74/><T118/><D118/><U0/><E112/><V96/><F117/><W14/><G35/><T63/><D63/><U4/><E0/><V75/><F116/><W98/><G32/><T30/><D30/><U107/><E4/><V104/><F2/><W79/><G28/><T13/><D13/><U81/><E107/><V126/><F104/><W12/><G31/><T6/><D6/><U34/><E34/><V53/><F126/><W67/><G22/><T41/><D41/><U125/><E125/><V121/><F1/><W131/><G131/><T69/><D69/><U59/><E21/><V50/><F5/><W38/><G67/><T33/><D33/><U84/><E19/><V87/><F7/><W110/><G110/><T105/><D105/><U26/><E26/><V27/><F27/><W120/><G120/><T39/><D39/><U102/><E102/><N who="2" m="60687" /><F122/><W46/><G14/><T66/><D66/><U101/><E101/><V106/><F106/><W72/><G12/><T20/><D20/><U135/><E135/><V10/><F121/><W73/><G98/><T68/><D68/><U15/><E15/><V60/><F10/><W29/><G29/><T45/><AGARI ba="0,1" hai="16,17,18,45,49,55,82,85,86,89,91,94,113,114" machi="45" ten="30,8000,1" yaku="1,1,5,1,0,1,52,1,54,1,53,0" doraHai="48" doraHaiUra="57" who="0" fromWho="0" sc="240,90,337,-40,250,-20,163,-20" /><INIT seed="2,0,0,0,1,60" ten="330,297,230,143" oya="2" hai0="11,119,62,47,95,45,17,48,46,114,90,67,120" hai1="34,20,126,33,9,61,16,1,49,63,77,27,122" hai2="5,12,130,24,72,7,56,69,76,110,134,123,108" hai3="86,44,21,135,73,129,81,8,93,42,121,38,117"/><V59/><F123/><W32/><G121/><T54/><D114/><U53/><E122/><V99/><F69/><W40/><G117/><T88/><D120/><U35/><E126/><V87/><F72/><W101/><G129/><T3/><D119/><U65/><E77/><V91/><F130/><W29/><G135/><T36/><D36/><U111/><E111/><N who="2" m="42539" /><F134/><W4/><G42/><T113/><D113/><U39/><E39/><V98/><F24/><W118/><G118/><T28/><D28/><U75/><E75/><V2/><F2/><W74/><G32/><T131/><D131/><U37/><E37/><V30/><F30/><W109/><G109/><T94/><D3/><U105/><E105/><V23/><F76/><W104/><G104/><T25/><D25/><U51/><E1/><V78/><F78/><W102/><G74/><T18/><D94/><U43/><E43/><V41/><F41/><W14/><G93/><T103/><D103/><U107/><E107/><V84/><F91/><N who="0" m="34858" /><D95/><U31/><E31/><V70/><F70/><W22/><G73/><T85/><D85/><N who="2" m="32842" /><F99/><W50/><G38/><T133/><D133/><U115/><E115/><V82/><F98/><W127/><G127/><T0/><D0/><U71/><REACH who="1" step="1"/><E9/><REACH who="1" step="2"/><V125/><F125/><W6/><G29/><T97/><D11/><U92/><E92/><V106/><F106/><W13/><G101/><T68/><D97/><U124/><E124/><V79/><F79/><N who="3" m="46399" /><G102/><T64/><D68/><U116/><E116/><V57/><F82/><W55/><G40/><T80/><D80/><U19/><E19/><AGARI ba="0,1" hai="5,7,12,19,23,56,57,59" m="32842,42539" machi="19" ten="40,7700,0" yaku="6,1,14,1,10,1" doraHai="60" who="2" fromWho="1" sc="330,0,287,-77,230,87,143,0" /><INIT seed="2,1,0,5,3,50" ten="330,210,317,143" oya="2" hai0="108,16,67,109,118,92,2,24,130,59,74,52,61" hai1="17,18,75,15,98,56,94,126,81,77,113,5,68" hai2="133,110,120,11,105,100,57,13,45,21,63,121,135" hai3="66,134,22,9,58,1,132,69,6,93,117,97,128"/><V79/><F105/><W49/><G117/><T70/><D74/><U114/><E68/><V10/><F100/><W32/><G32/><T127/><D118/><U83/><E126/><V38/><F79/><W55/><G128/><T88/><D2/><U34/><E34/><V23/><F110/><N who="0" m="42602" /><D130/><U116/><E116/><V131/><F131/><W31/><G69/><T35/><D127/><U95/><E81/><V19/><F23/><W41/><G41/><T119/><D119/><U65/><E5/><V78/><F78/><W8/><G66/><T51/><D35/><U123/><E18/><V99/><F99/><W7/><G31/><T54/><D54/><U102/><E123/><V124/><F124/><W122/><G22/><N who="0" m="13383" /><D92/><U44/><E95/><V39/><F120/><W12/><REACH who="3" step="1"/><G122/><REACH who="3" step="2"/><T28/><D28/><U46/><E114/><V101/><F121/><W0/><G0/><T3/><D3/><U40/><E40/><V73/><F21/><W37/><G37/><T29/><D29/><U25/><E113/><V27/><F38/><W86/><G86/><T48/><D88/><AGARI ba="1,1" hai="1,6,7,8,9,12,49,55,58,88,93,97,132,134" machi="88" ten="40,5200,0" yaku="1,1,52,1,54,1,53,0" doraHai="50" doraHaiUra="80" who="3" fromWho="0" sc="330,-55,210,0,317,0,133,65" /><INIT seed="3,0,0,2,3,87" ten="275,210,317,198" oya="3" hai0="4,107,32,114,124,130,70,73,53,97,126,99,21" hai1="108,7,69,0,96,84,50,60,64,36,16,122,93" hai2="129,23,98,18,133,47,30,1,67,15,5,17,61" hai3="94,109,134,119,65,85,26,44,11,71,24,104,132"/><W118/><G104/><T89/><D32/><U74/><E36/><V6/><F30/><W13/><G44/><T105/><D73/><U135/><E74/><V42/><F129/><W27/><G65/><T10/><D70/><U62/><E122/><V92/><F133/><N who="3" m="51307" /><G71/><T83/><D130/><U117/><E62/><V112/><F1/><W19/><G109/><T3/><D114/><U127/><E108/><V57/><F112/><W25/><N who="3" m="6656" /><DORA hai="78" /><W20/><G85/><N who="0" m="50367" /><D21/><U39/><E39/><V45/><F47/><W48/><G94/><T51/><D105/><U76/><E93/><V34/><F45/><W79/><G48/><T43/><D43/><U29/><E50/><V88/><F42/><W110/><G110/><T115/><D107/><U131/><E64/><V59/><F67/><W100/><G100/><T113/><D115/><U49/><E49/><V28/><F61/><W82/><G82/><T22/><D113/><U80/><E60/><V40/><F59/><W106/><G79/><T116/><D116/><N who="3" m="44585" /><G106/><T35/><D51/><U81/><E69/><V75/><F40/><W38/><G38/><T66/><D66/><U14/><E135/><V63/><F63/><W86/><G86/><T72/><D72/><U9/><E84/><V95/><F75/><W41/><G41/><T102/><D102/><U121/><E76/><V125/><F57/><W128/><G128/><T37/><D37/><U91/><E131/><V54/><F54/><W31/><G31/><T2/><D53/><U33/><E29/><V111/><F28/><W12/><G12/><T101/><D101/><RYUUKYOKU ba="0,0" sc="275,-10,210,-10,317,-10,198,30" hai3="11,13,19,20" /><INIT seed="3,1,0,3,2,86" ten="265,200,307,228" oya="3" hai0="3,33,26,129,100,75,23,44,49,24,68,132,11" hai1="82,14,7,74,38,1,130,101,89,45,12,87,35" hai2="76,42,57,52,116,90,97,13,5,6,21,51,107" hai3="73,99,114,18,15,8,109,30,34,94,37,81,117"/><W95/><G95/><T48/><D132/><U4/><E35/><V64/><F116/><W29/><G29/><T92/><D129/><U62/><E74/><V61/><F76/><W20/><G20/><T46/><D75/><U102/><E1/><V78/><F78/><W47/><G47/><T120/><D120/><U41/><E130/><V110/><F110/><W32/><G32/><T58/><D68/><U59/><E14/><V54/><F42/><W0/><G0/><T91/><D100/><U55/><REACH who="1" step="1"/><E12/><REACH who="1" step="2"/><V31/><F13/><W67/><G67/><T113/><D33/><U2/><E2/><V118/><F118/><W10/><G10/><T135/><D3/><U126/><E126/><V79/><F5/><AGARI ba="1,1" hai="4,5,7,38,41,45,55,59,62,82,87,89,101,102" machi="5" ten="40,2600,0" yaku="1,1,52,1,53,0" doraHai="86" doraHaiUra="17" who="1" fromWho="2" sc="265,0,190,39,307,-29,228,0" /><INIT seed="4,0,0,4,0,91" ten="265,229,278,228" oya="0" hai0="83,66,13,123,64,26,126,21,135,52,80,85,75" hai1="43,106,114,111,51,17,20,30,101,112,15,14,97" hai2="115,31,16,84,7,72,131,45,134,33,125,77,94" hai3="60,4,9,124,67,128,10,40,65,47,107,50,39"/><T93/><D123/><U98/><E111/><V119/><F72/><W1/><G1/><T19/><D126/><U56/><E30/><V113/><F125/><W120/><G120/><T73/><D135/><U108/><E108/><V81/><F134/><W74/><G107/><T63/><D73/><U92/><E15/><V32/><F7/><W132/><G74/><T105/><D105/><U130/><E130/><V25/><F131/><W27/><G132/><T55/><D75/><U37/><E37/><V102/><F119/><W42/><G128/><T18/><D80/><U69/><E69/><V49/><F32/><W118/><G118/><T78/><D93/><U104/><E56/><V76/><F76/><W90/><G124/><T3/><D3/><U82/><E82/><V23/><F33/><W129/><G129/><T24/><D26/><U127/><E127/><V35/><F35/><W34/><G34/><T109/><D109/><U79/><E79/><V116/><F116/><W12/><G27/><T11/><REACH who="0" step="1"/><D66/><REACH who="0" step="2"/><U54/><E104/><V5/><F94/><W0/><G65/><T86/><D86/><U95/><E98/><V87/><F84/><W71/><G0/><T121/><D121/><U57/><E106/><V41/><F87/><W46/><G67/><T8/><D8/><U59/><E95/><V38/><F81/><W133/><G10/><T88/><D88/><U22/><E92/><V58/><F25/><W110/><G133/><T96/><D96/><U89/><E97/><V53/><F77/><W103/><G110/><T62/><D62/><N who="1" m="36151" /><E89/><V117/><F117/><RYUUKYOKU ba="0,1" sc="255,30,229,-10,278,-10,228,-10" hai0="11,13,18,19,21,24,52,55,63,64,78,83,85" /><INIT seed="4,1,1,2,2,126" ten="285,219,268,218" oya="0" hai0="109,130,114,56,68,78,112,28,102,35,4,31,48" hai1="13,23,79,104,101,61,113,66,100,111,16,8,1" hai2="80,47,32,135,12,27,53,40,57,45,75,17,60" hai3="76,122,0,6,96,90,29,83,97,43,38,15,20"/><T39/><D39/><U41/><E111/><V21/><F135/><W58/><G122/><T54/><D109/><U65/><E113/><N who="0" m="43625" /><D130/><U3/><E41/><V72/><F47/><W37/><G0/><T22/><D68/><U93/><E104/><V51/><REACH who="2" step="1"/><F80/><REACH who="2" step="2"/><W132/><G83/><T134/><D134/><U133/><E133/><V42/><F42/><W95/><G43/><T81/><D81/><U118/><E118/><V89/><F89/><W87/><G90/><T73/><D78/><U10/><E79/><V82/><F82/><W86/><G76/><T115/><D73/><U84/><E101/><V50/><F50/><W55/><G132/><T106/><D48/><U59/><E100/><V88/><F88/><W77/><G77/><T94/><D102/><U30/><E61/><V98/><F98/><W7/><G97/><T25/><D115/><U14/><E84/><V120/><F120/><W62/><G38/><T5/><D106/><U119/><E119/><V34/><F34/><W131/><G37/><T91/><D35/><U125/><E125/><V67/><F67/><W92/><G96/><N who="0" m="57439" /><D31/><AGARI ba="1,2" hai="12,17,21,27,31,32,40,45,51,53,57,60,72,75" machi="31" ten="40,2600,0" yaku="1,1,53,1" doraHai="126" doraHaiUra="26" who="2" fromWho="0" sc="285,-29,219,0,258,49,218,0" /><INIT seed="5,0,0,0,1,39" ten="256,219,307,218" oya="1" hai0="60,98,8,123,66,45,131,114,32,30,119,0,29" hai1="127,31,126,13,17,26,48,24,62,5,124,16,108" hai2="109,33,87,49,104,43,19,128,125,14,90,132,25" hai3="120,22,129,70,113,51,18,91,9,80,121,117,21"/><U118/><E62/><V77/><F104/><W106/><G70/><T59/><D119/><U130/><E48/><V133/><F109/><W38/><G106/><T75/><D75/><U15/><E118/><V36/><F77/><W74/><G117/><T23/><D32/><N who="1" m="20583" /><E108/><V34/><F36/><W95/><G38/><T84/><D114/><U6/><E26/><V40/><F49/><W111/><G111/><T135/><D123/><U44/><E44/><V72/><F72/><W85/><G113/><T2/><D131/><U88/><E88/><V65/><F128/><W11/><G129/><T52/><D135/><N who="2" m="51786" /><F65/><W76/><G51/><T100/><D84/><U4/><E130/><V55/><F55/><W57/><G57/><T105/><D45/><U61/><E61/><V112/><F112/><W116/><G116/><T58/><D8/><U89/><E89/><V101/><F101/><W27/><REACH who="3" step="1"/><G21/><REACH who="3" step="2"/><T3/><REACH who="0" step="1"/><D23/><REACH who="0" step="2"/><N who="1" m="11663" /><E127/><V79/><F125/><W12/><G12/><T47/><D47/><U83/><E83/><N who="2" m="49535" /><F14/><W107/><G107/><T110/><D110/><U94/><E94/><V1/><F34/><W71/><G71/><T63/><AGARI ba="0,2" hai="0,2,3,29,30,52,58,59,60,63,66,98,100,105" machi="63" ten="40,5200,0" yaku="1,1,0,1,54,1,53,0" doraHai="39" doraHaiUra="37" who="0" fromWho="0" sc="246,72,219,-26,307,-13,208,-13" /><INIT seed="6,0,0,1,2,1" ten="318,193,294,195" oya="2" hai0="113,110,55,119,94,132,102,75,66,12,43,61,116" hai1="118,3,54,97,11,105,98,51,99,35,41,104,49" hai2="26,16,13,38,69,108,85,20,120,124,15,129,88" hai3="46,127,29,5,121,80,60,8,32,122,114,131,130"/><V89/><F120/><N who="3" m="46187" /><G80/><T101/><D110/><U33/><E118/><N who="0" m="45097" /><D113/><U100/><E41/><V52/><F108/><W7/><G46/><T25/><D132/><U4/><E51/><V103/><F69/><W58/><G127/><T74/><D43/><U78/><E78/><V128/><F38/><W106/><G106/><T79/><D55/><U59/><REACH who="1" step="1"/><E100/><REACH who="1" step="2"/><V67/><F103/><W68/><G114/><T44/><D101/><U10/><E10/><V19/><F124/><W135/><G8/><T71/><D79/><U72/><E72/><V90/><F85/><W6/><G135/><T126/><D75/><U95/><E95/><V27/><F67/><N who="3" m="39319" /><G68/><T17/><D71/><U63/><E63/><V24/><REACH who="2" step="1"/><F52/><REACH who="2" step="2"/><W109/><G109/><T125/><D102/><U86/><E86/><V76/><F76/><W39/><G39/><T53/><D74/><U92/><E92/><V111/><F111/><W82/><G82/><T134/><D53/><U45/><E45/><V22/><AGARI ba="0,2" hai="13,15,16,19,20,22,24,26,27,88,89,90,128,129" machi="22" ten="40,12000,1" yaku="1,1,0,1,9,1,54,2,53,0" doraHai="1" doraHaiUra="115" who="2" fromWho="2" sc="318,-40,183,-40,284,140,195,-40" /><INIT seed="6,1,0,3,2,109" ten="278,143,424,155" oya="2" hai0="44,25,68,29,47,1,121,73,27,8,17,93,98" hai1="9,82,123,128,28,20,75,48,49,36,6,102,95" hai2="74,129,22,52,55,19,51,33,97,39,110,112,7" hai3="84,21,88,69,106,46,113,0,24,76,130,43,23"/><V35/><F110/><W105/><G0/><T57/><D68/><U10/><E36/><V13/><F39/><W12/><G69/><T14/><D73/><U59/><E123/><V107/><F74/><W122/><G122/><T62/><D121/><U64/><E128/><V104/><F129/><W61/><G130/><T81/><D81/><U94/><E82/><V131/><F7/><W78/><G61/><T45/><D1/><U26/><E75/><V127/><F127/><W115/><G12/><T96/><D29/><U80/><E80/><V86/><F86/><W108/><G108/><T85/><D85/><U133/><E133/><V40/><F13/><W114/><G88/><N who="0" m="55335" /><D98/><N who="1" m="59735" /><E95/><V89/><F89/><W50/><G84/><T118/><D118/><U126/><E126/><V38/><F97/><W90/><G90/><T32/><D32/><U41/><E41/><V119/><F33/><W92/><G92/><T53/><AGARI ba="1,0" hai="8,14,17,25,27,44,45,47,53,57,62" m="55335" machi="53" ten="30,2000,0" yaku="8,1,54,1" doraHai="109" who="0" fromWho="0" sc="278,23,143,-6,424,-11,155,-6" /><INIT seed="7,0,0,3,4,11" ten="301,137,413,149" oya="3" hai0="46,17,40,39,108,103,124,113,15,1,32,50,128" hai1="24,99,21,119,0,95,109,70,96,20,92,94,121" hai2="105,81,122,127,69,111,106,66,33,51,88,86,84" hai3="132,131,19,2,102,36,31,91,9,30,107,8,67"/><W72/><G72/><T71/><D108/><U34/><E70/><V7/><F33/><W25/><G36/><T54/><D128/><U18/><E34/><V23/><F111/><W14/><G67/><T117/><D124/><U48/><E0/><V22/><F122/><W87/><G131/><T52/><D117/><U73/><E73/><V135/><F7/><N who="3" m="1143" /><G91/><T85/><D1/><U112/><E121/><V16/><F51/><W83/><G87/><T104/><D32/><U45/><E109/><V62/><F127/><W101/><G83/><T114/><D71/><U130/><E119/><V125/><F84/><W28/><G107/><T56/><D85/><U53/><E130/><V55/><F105/><W10/><G102/><T35/><D35/><U57/><E112/><N who="0" m="43113" /><D54/><U100/><E100/><V43/><F55/><W115/><G101/><T4/><D4/><U93/><N who="1" m="23552" /><DORA hai="41" /><U120/><E120/><V110/><F106/><W29/><G115/><T61/><D39/><U5/><E5/><V12/><F86/><W77/><G77/><T59/><D103/><U42/><REACH who="1" step="1"/><E21/><REACH who="1" step="2"/><V47/><F23/><N who="3" m="11767" /><G132/><T74/><D74/><U27/><E27/><V118/><F110/><W129/><G129/><T58/><D104/><U76/><E76/><V49/><F135/><W123/><G123/><T37/><D37/><AGARI ba="0,1" hai="18,20,24,37,42,45,48,53,57,96,99" m="23552" machi="37" ten="50,3200,0" yaku="1,1,52,1,53,0" doraHai="11,41" doraHaiUra="64,6" who="1" fromWho="0" sc="301,-32,127,42,413,0,149,0" owari="269,7,169,-23,413,51,149,-35" /></mjloggm>