<mjloggm ver="2.3"><GO type="169"/><UN n0="%E9%9B%80%E5%A8%98%E2%98%86%E3%82%86%E3%81%8D" n1="%70%74%E5%8A%B9%E7%8E%87%E6%89%93%E6%B3%95" n2="%E4%B8%80%E6%9D%A1%E5%85%BC%E5%AE%9A%E2%99%AA" n3="%E6%9C%A7%E5%A4%8F%E6%9C%88" dan="17,16,16,17" rate="2129,2090,2043,2189" sx="F,M,M,F"/><TAIKYOKU oya="0"/><INIT seed="0,0,0,4,4,46" ten="250,250,250,250" oya="0" hai0="16,111,8,131,78,5,90,64,125,37,115,9,83" hai1="7,55,122,13,40,43,74,135,77,56,48,71,67" hai2="22,129,70,66,121,106,63,4,50,35,42,21,101" hai3="11,114,17,127,116,75,23,53,62,128,0,132,47"/><T85/><D115/><U112/><E77/><V6/><F121/><W81/><G116/><T57/><D37/><U30/><E74/><V1/><F129/><W102/><G102/><T107/><D107/><U89/><E89/><V3/><F35/><W126/><G114/><T98/><D131/><U94/><E94/><V32/><F32/><W28/><G28/><T68/><D68/><U130/><E13/><V82/><F82/><W24/><G132/><T86/><D98/><U65/><E7/><V117/><F117/><W92/><G92/><T27/><D125/><N who="3" m="47625" /><G128/><T31/><D111/><U103/><E103/><V109/><F109/><W52/><G62/><N who="0" m="37967" /><D31/><U45/><E30/><V61/><F101/><W38/><G81/><N who="0" m="49487" /><D5/><U118/><E135/><V95/><F95/><W58/><G75/><T93/><D93/><U134/><E134/><V20/><F106/><W39/><G0/><T96/><D96/><U119/><E112/><V133/><F133/><W18/><G39/><T14/><D27/><U2/><E122/><V88/><F3/><W73/><G73/><T59/><D8/><U51/><E130/><V60/><F1/><W29/><G11/><T99/><D99/><U44/><E2/><V41/><F4/><W49/><G38/><T105/><D105/><U36/><E67/><V113/><F6/><W33/><G33/><T124/><D124/><U19/><E19/><V69/><F66/><W123/><G123/><T110/><D110/><U97/><E97/><V15/><F113/><W76/><G76/><T54/><D59/><U108/><E108/><V25/><F69/><RYUUKYOKU ba="0,0" sc="250,10,250,10,250,-30,250,10" hai0="9,14,16,54,78,83,85" hai1="36,40,43,44,45,48,51,55,56,65,71,118,119" hai3="17,18,23,24,29,47,49,52,53,58" /><INIT seed="0,1,0,5,4,61" ten="260,260,220,260" oya="0" hai0="74,6,24,45,41,79,105,119,100,129,36,7,99" hai1="28,21,31,90,26,62,60,130,128,23,94,51,132" hai2="82,30,68,115,125,55,25,108,83,72,86,69,110" hai3="49,121,93,0,112,18,116,124,120,64,35,117,73"/><T103/><D119/><N who="3" m="45641" /><G73/><T16/><D103/><U102/><E132/><V92/><F115/><W44/><G35/><T78/><D129/><N who="1" m="49771" /><E102/><V101/><F125/><W9/><G93/><T106/><D105/><U1/><E1/><V126/><F126/><W85/><G85/><T77/><D74/><U58/><E51/><V109/><F55/><W8/><G124/><T135/><D135/><U107/><E107/><V113/><F113/><W39/><G39/><T19/><REACH who="0" step="1"/><D24/><REACH who="0" step="2"/><N who="1" m="16399" /><E60/><V97/><F72/><W13/><G112/><T114/><D114/><U84/><E62/><V29/><F25/><W54/><G121/><T71/><D71/><U80/><E58/><V134/><F134/><W81/><G120/><T50/><D50/><U3/><E3/><V89/><F69/><W40/><G49/><T88/><D88/><U48/><E48/><V37/><F68/><W66/><G0/><T123/><D123/><U5/><E5/><AGARI ba="1,1" hai="5,6,7,16,19,36,41,45,77,78,79,99,100,106" machi="5" ten="40,3900,0" yaku="1,1,54,1,53,0" doraHai="61" doraHaiUra="56" who="0" fromWho="1" sc="250,52,260,-42,220,0,260,0" /><INIT seed="0,2,0,0,2,25" ten="302,218,220,260" oya="0" hai0="94,36,57,38,16,22,124,105,81,35,96,46,66" hai1="113,125,21,51,70,91,15,131,68,78,39,111,3" hai2="88,32,31,56,28,115,75,17,98,63,11,58,122" hai3="76,107,45,9,53,85,102,5,62,7,108,128,123"/><T80/><D105/><U49/><E3/><V121/><F75/><W118/><G118/><T87/><D35/><U116/><E39/><V109/><F115/><W83/><G108/><T95/><D124/><U43/><E78/><V97/><F32/><W1/><G128/><T132/><D132/><U12/><E21/><V114/><F114/><W52/><G123/><T135/><D135/><U33/><E113/><V106/><F106/><W82/><G7/><T119/><D119/><U6/><E33/><V26/><F109/><W4/><G4/><T18/><D46/><U0/><E0/><V92/><F121/><W54/><G83/><T24/><D36/><U74/><E6/><V2/><F122/><W27/><G27/><T110/><D38/><U8/><E111/><V133/><F133/><W71/><G45/><T40/><D40/><U103/><E43/><V44/><F44/><W42/><G42/><T37/><D37/><U34/><E116/><V90/><F2/><W61/><REACH who="3" step="1"/><G71/><REACH who="3" step="2"/><T14/><D110/><U100/><E68/><V77/><F26/><W127/><G127/><T20/><D81/><U65/><E70/><V93/><F77/><W73/><G73/><T130/><D130/><U50/><E74/><V129/><F129/><W126/><G126/><T89/><D96/><AGARI ba="2,1" hai="1,5,9,52,53,54,61,62,76,82,85,96,102,107" machi="96" ten="40,2600,0" yaku="1,1,54,1,53,0" doraHai="25" doraHaiUra="55" who="3" fromWho="0" sc="302,-32,218,0,220,0,250,42" /><INIT seed="1,0,0,3,4,6" ten="270,218,220,292" oya="1" hai0="54,101,95,103,79,82,38,43,8,16,21,77,11" hai1="91,42,120,65,133,62,5,59,41,67,36,116,118" hai2="47,113,128,122,130,40,58,4,39,19,35,126,97" hai3="115,22,64,134,125,15,50,104,93,135,12,46,99"/><U31/><E31/><V129/><F122/><W75/><G75/><T84/><D38/><U63/><E91/><V109/><F113/><W3/><G115/><T45/><D43/><U32/><E32/><V34/><F109/><W98/><G3/><T94/><D77/><U20/><E20/><V88/><F126/><W121/><G121/><T0/><D0/><U127/><E5/><V85/><F97/><W83/><G64/><T105/><D105/><U55/><E120/><V51/><F4/><W80/><G104/><T9/><D54/><U69/><E127/><V132/><F132/><W112/><G112/><T90/><D45/><N who="1" m="23719" /><E133/><N who="3" m="50698" /><G99/><N who="0" m="57815" /><D95/><U114/><E114/><V24/><F58/><W18/><G15/><AGARI ba="0,0" hai="8,9,11,15,16,21,79,82,84,101,103" m="57815" machi="15" ten="30,8000,1" yaku="8,1,52,3,54,1" doraHai="6" who="0" fromWho="3" sc="270,80,218,0,220,0,292,-80" /><INIT seed="2,0,0,3,0,93" ten="350,218,220,212" oya="2" hai0="124,73,11,92,130,76,104,6,28,72,96,105,10" hai1="100,109,45,34,31,47,4,2,7,0,114,15,82" hai2="118,75,116,1,19,70,17,127,55,51,122,97,80" hai3="120,57,81,13,110,128,113,61,23,3,111,121,69"/><V85/><F1/><W95/><G3/><T25/><D124/><U43/><E114/><V132/><F70/><W46/><G81/><T117/><D76/><U91/><E109/><N who="3" m="41482" /><G95/><T131/><D117/><U90/><E15/><V26/><F122/><N who="3" m="47211" /><G13/><N who="0" m="5335" /><D11/><U36/><E43/><V134/><F127/><W107/><G23/><N who="0" m="15423" /><D104/><U22/><E82/><V42/><F75/><W98/><G98/><T33/><D33/><U79/><E34/><V77/><F42/><W44/><G107/><T41/><D41/><U54/><E79/><V112/><F112/><W119/><G113/><T106/><D105/><U94/><E22/><N who="2" m="13647" /><F19/><W56/><G119/><T16/><D16/><U67/><E2/><V49/><F97/><W65/><G128/><N who="0" m="49195" /><D106/><U37/><E0/><V133/><F49/><W21/><G21/><T14/><D14/><U135/><E7/><V60/><F60/><N who="3" m="38023" /><G69/><T12/><D12/><U99/><E4/><V74/><F74/><W103/><G103/><AGARI ba="0,0" hai="72,73,92,96,103" m="49195,15423,5335" machi="103" ten="30,2000,0" yaku="19,1,52,1" doraHai="93" who="0" fromWho="3" sc="350,20,218,0,220,0,212,-20" /><INIT seed="3,0,0,4,4,9" ten="370,218,220,192" oya="3" hai0="33,5,131,47,102,129,7,66,34,123,13,70,40" hai1="10,111,11,18,45,127,79,56,50,65,116,112,108" hai2="73,42,88,52,109,20,37,29,60,12,31,117,125" hai3="115,26,74,126,121,135,35,114,0,68,122,89,28"/><W16/><G89/><T75/><D75/><U105/><E112/><N who="3" m="43050" /><G68/><T51/><D102/><U106/><E79/><V128/><F73/><W22/><G74/><T27/><D123/><N who="3" m="47113" /><G126/><T120/><D120/><U49/><E116/><V55/><F125/><W57/><G57/><T4/><D27/><U46/><E127/><V3/><F117/><W14/><G0/><T1/><D1/><U87/><E87/><V19/><F3/><W82/><G82/><T30/><D66/><U90/><E18/><V67/><F42/><W94/><G94/><T54/><D30/><U84/><E84/><V6/><F37/><W72/><G72/><T124/><D70/><U62/><E56/><V38/><F38/><W24/><G24/><T100/><D100/><U86/><E86/><V98/><F88/><W43/><G43/><T97/><D97/><U48/><E90/><V15/><F98/><W93/><G93/><T76/><D76/><U2/><E2/><V96/><F96/><W41/><G41/><T25/><D25/><U78/><E78/><V77/><F77/><W83/><G83/><T69/><D69/><N who="1" m="42167" /><E46/><V104/><F67/><W64/><G64/><T36/><D124/><U21/><E45/><V8/><F55/><W59/><G59/><T130/><D54/><U101/><E101/><V91/><F91/><W80/><G80/><T53/><D53/><U17/><E105/><V85/><F52/><W132/><AGARI ba="0,0" hai="14,16,22,26,28,35,132,135" m="47113,43050" machi="132" ten="40,12000,1" yaku="34,2,52,1,54,1" doraHai="9" who="3" fromWho="3" sc="370,-40,218,-40,220,-40,192,120" /><INIT seed="3,1,0,1,4,80" ten="330,178,180,312" oya="3" hai0="123,62,4,16,14,49,102,28,54,87,89,116,36" hai1="2,60,47,114,1,32,86,132,83,66,94,35,0" hai2="127,37,72,5,12,30,99,109,13,52,117,42,97" hai3="70,3,27,107,69,58,76,90,103,50,122,126,39"/><W91/><G39/><T119/><D36/><U106/><E114/><V26/><F117/><W85/><G3/><T48/><D123/><U111/><E106/><V131/><F127/><W10/><G122/><T21/><D102/><U110/><E132/><V67/><F72/><W124/><G10/><T31/><D4/><U15/><E94/><V46/><F109/><N who="1" m="41481" /><E15/><V23/><F131/><W29/><G103/><T96/><D96/><U61/><E47/><V56/><F67/><W82/><G107/><T57/><D116/><U64/><E64/><V22/><F13/><W53/><G70/><T128/><D128/><U88/><E61/><V130/><F130/><W55/><G69/><AGARI ba="1,0" hai="0,1,2,32,35,60,66,69,83,86,88" m="41481" machi="69" ten="40,5200,0" yaku="14,1,52,1,54,1" doraHai="80" who="1" fromWho="3" sc="330,0,178,55,180,0,312,-55" /><INIT seed="4,0,0,1,1,21" ten="330,233,180,257" oya="0" hai0="90,27,97,99,64,24,69,50,128,7,100,135,84" hai1="12,70,130,76,5,52,25,14,8,62,43,91,101" hai2="16,78,55,93,105,67,83,120,68,133,87,74,88" hai3="75,17,79,37,72,82,4,31,115,81,103,49,66"/><T132/><D7/><U26/><E130/><V121/><F133/><N who="0" m="51274" /><D128/><U40/><E70/><V51/><F105/><W2/><G37/><T73/><D73/><U123/><E123/><V10/><F67/><W38/><G38/><T13/><D97/><U48/><E101/><V9/><F68/><W104/><G66/><T46/><D13/><N who="1" m="5263" /><E62/><V65/><F65/><W36/><G4/><T23/><D23/><U0/><E0/><V95/><F95/><W28/><G104/><N who="0" m="63519" /><D64/><U119/><E76/><V39/><F39/><W41/><G36/><T53/><D69/><U129/><E129/><V94/><F94/><AGARI ba="0,0" hai="24,27,46,50,53,84,90,94" m="63519,51274" machi="94" ten="30,5800,0" yaku="20,1,52,2" doraHai="21" who="0" fromWho="2" sc="330,58,233,0,180,-58,257,0" /><INIT seed="4,1,0,0,2,96" ten="388,233,122,257" oya="0" hai0="6,28,103,40,49,1,36,4,116,76,113,125,30" hai1="56,63,86,77,69,43,82,110,19,55,118,12,25" hai2="45,48,93,85,5,79,75,90,129,119,33,106,71" hai3="54,32,9,97,60,16,72,7,2,17,100,18,127"/><T112/><D116/><U31/><E118/><V13/><F119/><W115/><G72/><T102/><D36/><U37/><E110/><V83/><F71/><W27/><G115/><N who="0" m="44107" /><D76/><U70/><E43/><V20/><F33/><W80/><G127/><T8/><D6/><U35/><REACH who="1" step="1"/><E37/><REACH who="1" step="2"/><V52/><F129/><W39/><G39/><T21/><D125/><U87/><E87/><V98/><F20/><AGARI ba="1,1" hai="12,19,20,25,31,35,55,56,63,69,70,77,82,86" machi="20" ten="30,2000,0" yaku="1,1,7,1,53,0" doraHai="96" doraHaiUra="104" who="1" fromWho="2" sc="388,0,223,33,122,-23,257,0" /><INIT seed="5,0,0,5,3,92" ten="388,256,99,257" oya="1" hai0="90,74,48,45,61,41,37,46,102,113,122,38,27" hai1="64,86,67,47,24,25,91,30,13,6,42,135,39" hai2="123,36,77,8,134,52,85,56,44,0,16,70,69" hai3="58,124,107,5,40,55,23,73,10,21,59,97,35"/><U22/><E135/><V117/><F117/><W127/><G35/><T101/><D74/><U76/><E76/><V19/><F123/><W33/><G33/><T82/><D122/><U20/><E13/><V43/><F134/><W11/><G73/><T79/><D61/><U96/><E6/><V57/><F57/><W66/><G40/><T112/><D90/><U14/><E14/><V126/><F126/><N who="3" m="48171" /><G66/><T78/><D27/><U9/><E9/><N who="3" m="3082" /><G5/><T100/><D45/><U119/><E119/><V2/><F70/><W93/><G107/><T103/><D103/><U7/><E7/><V50/><F69/><W17/><G17/><T18/><D18/><U28/><REACH who="1" step="1"/><E96/><REACH who="1" step="2"/><V95/><F77/><W115/><G115/><N who="0" m="44107" /><D79/><U68/><E68/><V121/><F121/><W129/><G129/><T125/><D125/><U132/><E132/><V71/><F71/><W31/><G97/><T118/><D118/><U120/><E120/><V49/><F0/><W131/><G131/><T34/><D78/><U87/><E87/><V53/><F2/><W62/><G62/><T108/><D38/><U105/><E105/><V72/><F8/><W63/><G63/><T114/><D37/><U98/><E98/><V51/><F72/><W88/><G88/><T116/><D116/><U80/><AGARI ba="0,1" hai="20,22,24,25,28,30,39,42,47,64,67,80,86,91" machi="80" ten="20,7800,0" yaku="1,1,0,1,7,1,9,1,53,0" doraHai="92" doraHaiUra="106" who="1" fromWho="1" sc="388,-26,246,88,99,-26,257,-26" /><INIT seed="5,1,0,5,1,61" ten="362,334,73,231" oya="1" hai0="12,18,39,5,55,6,10,37,65,88,123,38,60" hai1="20,47,129,106,78,84,40,108,89,103,62,26,82" hai2="76,107,31,25,80,58,127,11,116,73,109,113,23" hai3="134,1,125,56,4,22,48,112,110,119,69,92,83"/><U19/><E129/><V28/><F116/><W35/><G92/><T132/><D123/><U49/><E108/><V53/><F109/><W133/><G83/><T30/><D30/><U9/><E106/><V68/><F68/><W44/><G22/><T104/><D104/><U67/><E103/><V111/><F111/><W0/><G56/><T85/><D55/><U72/><E9/><V101/><F127/><W130/><G48/><T15/><D132/><U7/><E7/><V95/><F107/><W102/><G102/><T71/><REACH who="0" step="1"/><D15/><REACH who="0" step="2"/><U126/><E126/><V21/><F31/><W29/><G29/><T46/><D46/><U120/><E120/><V75/><F28/><W17/><G44/><T27/><D27/><U50/><E50/><V105/><F105/><W94/><G133/><T36/><D36/><U121/><E121/><V57/><F53/><W91/><G134/><T43/><D43/><U81/><REACH who="1" step="1"/><E62/><REACH who="1" step="2"/><V41/><F11/><W52/><G110/><T34/><D34/><U2/><E2/><V32/><F32/><W24/><G0/><T66/><D66/><AGARI ba="1,2" hai="19,20,26,40,47,49,66,67,72,78,81,82,84,89" machi="66" ten="40,12000,1" yaku="1,1,52,2,53,1" doraHai="61" doraHaiUra="87" who="1" fromWho="0" sc="352,-123,324,143,73,0,231,0" /><INIT seed="5,2,0,1,4,82" ten="229,467,73,231" oya="1" hai0="114,4,7,127,129,56,45,51,34,94,33,64,72" hai1="95,62,65,71,124,89,46,111,130,126,105,119,132" hai2="2,30,50,76,63,84,18,93,16,17,88,109,15" hai3="112,115,106,43,39,87,66,13,53,77,0,59,121"/><U22/><E119/><V25/><F2/><W8/><G106/><T92/><D72/><U23/><E105/><V67/><F109/><W123/><G0/><T3/><D129/><U97/><E111/><V54/><F76/><W74/><G74/><T47/><D3/><U44/><E132/><V10/><F30/><W96/><G66/><T11/><D11/><U42/><E130/><V21/><F63/><W19/><G96/><T60/><D127/><N who="1" m="48683" /><E46/><V12/><F67/><W120/><G43/><T86/><D114/><N who="3" m="43561" /><G39/><AGARI ba="2,0" hai="22,23,39,42,44,62,65,71,89,95,97" m="48683" machi="39" ten="30,1500,0" yaku="18,1" doraHai="82" who="1" fromWho="3" sc="229,0,467,21,73,0,231,-21" /><INIT seed="5,3,0,3,1,24" ten="229,488,73,210" oya="1" hai0="18,27,48,132,16,131,29,54,53,84,121,1,9" hai1="13,133,2,0,57,109,134,104,6,10,122,19,51" hai2="114,47,116,60,41,33,65,100,14,68,69,76,98" hai3="120,62,46,135,79,30,88,110,5,101,78,96,74"/><U108/><E104/><V4/><F116/><W94/><G110/><N who="1" m="42602" /><E57/><V89/><F114/><W75/><G120/><T12/><D121/><U23/><E51/><V117/><F117/><W28/><G135/><N who="1" m="51722" /><E122/><V82/><F68/><W81/><G5/><T92/><D132/><U7/><E7/><V83/><F33/><W22/><G62/><T126/><D131/><U73/><E73/><V90/><F83/><W95/><G46/><T71/><D71/><U113/><E113/><V125/><F125/><W15/><G75/><T107/><D126/><U35/><E35/><V80/><F80/><W91/><G79/><T103/><D107/><U42/><E42/><V38/><F4/><W55/><G55/><T61/><D53/><U130/><E130/><V118/><F118/><W67/><G67/><T8/><D61/><U3/><AGARI ba="3,0" hai="0,2,3,6,10,13,19,23" m="51722,42602" machi="3" ten="40,12000,1" yaku="10,1,20,1,34,2" doraHai="24" who="1" fromWho="1" sc="229,-43,488,129,73,-43,210,-43" /><INIT seed="5,4,0,5,4,64" ten="186,617,30,167" oya="1" hai0="110,77,95,107,115,38,11,117,44,92,22,94,125" hai1="3,67,134,56,23,36,129,75,74,4,28,62,101" hai2="112,109,71,98,116,93,6,26,118,73,123,79,2" hai3="68,52,127,53,58,104,130,49,18,57,12,132,42"/><U32/><E32/><V66/><F123/><W114/><G104/><T5/><D117/><U126/><E36/><V106/><F109/><W14/><G114/><T72/><D107/><U88/><E101/><N who="2" m="62775" /><F26/><W27/><G68/><T133/><D115/><U20/><E4/><V111/><F111/><W100/><G100/><T86/><D22/><U51/><E51/><V120/><F120/><W25/><G130/><T33/><D33/><U135/><E3/><V131/><F112/><W80/><G127/><T96/><D86/><U16/><E28/><V81/><F131/><W34/><G132/><N who="1" m="50730" /><E23/><V10/><F93/><W83/><G42/><N who="0" m="22615" /><D125/><U37/><E37/><V89/><F89/><W91/><G91/><T102/><D133/><U50/><E20/><V29/><F29/><W87/><G34/><T31/><D31/><U15/><E88/><V8/><F8/><W78/><G83/><N who="0" m="45479" /><D110/><U13/><E126/><V99/><F99/><W30/><G30/><T63/><D63/><AGARI ba="4,0" hai="2,6,10,63,66,71,73,79,81,116,118" m="62775" machi="63" ten="30,2000,0" yaku="23,1,52,1" doraHai="64" who="2" fromWho="0" sc="186,-32,617,0,30,32,167,0" /><INIT seed="6,0,0,5,3,12" ten="154,617,62,167" oya="2" hai0="58,102,133,120,110,130,29,25,10,51,129,74,6" hai1="121,117,97,7,52,115,61,9,103,5,67,118,113" hai2="89,135,57,83,26,93,24,109,124,73,55,4,134" hai3="20,80,22,87,99,88,123,64,82,100,85,70,90"/><V27/><F124/><W40/><G123/><T84/><D74/><U68/><E52/><V81/><F4/><W132/><G132/><N who="2" m="50729" /><F109/><W69/><G40/><T101/><D120/><U13/><E5/><V94/><F73/><W17/><G64/><T98/><D84/><U3/><E13/><V16/><F94/><W42/><G42/><T38/><D38/><U35/><E35/><V95/><F95/><W23/><REACH who="3" step="1"/><G17/><REACH who="3" step="2"/><T62/><D133/><U105/><E121/><V59/><F16/><W76/><G76/><T18/><D18/><U53/><E53/><V108/><F108/><W111/><G111/><T65/><D110/><U56/><E56/><N who="2" m="21579" /><F55/><W43/><G43/><T116/><D65/><U78/><E78/><V119/><F119/><AGARI ba="0,1" hai="3,7,9,61,67,68,97,103,105,113,115,117,118,119" machi="119" ten="40,2600,0" yaku="23,2" doraHai="12" who="1" fromWho="2" sc="154,0,617,36,62,-26,157,0" /><INIT seed="7,0,0,1,4,46" ten="154,653,36,157" oya="3" hai0="5,47,106,104,18,29,125,130,129,111,31,20,50" hai1="25,76,11,122,73,59,88,12,103,124,100,66,17" hai2="67,9,16,107,53,36,83,26,117,75,74,51,85" hai3="0,40,55,48,118,131,64,89,43,23,112,44,110"/><W28/><G118/><T35/><D5/><U90/><E122/><V92/><F107/><N who="0" m="41002" /><D35/><U54/><E124/><V113/><F36/><W96/><G0/><T132/><D111/><U115/><E115/><V4/><F117/><W13/><G112/><T30/><D125/><U93/><E66/><V1/><F113/><W2/><G2/><T135/><D50/><U71/><E71/><V14/><F67/><W3/><G3/><T27/><D47/><U77/><E25/><V95/><F26/><N who="3" m="16479" /><G131/><AGARI ba="0,0" hai="18,20,27,29,30,31,129,130,131,132,135" m="41002" machi="131" ten="40,1300,0" yaku="19,1" doraHai="46" who="0" fromWho="3" sc="154,13,653,0,36,0,157,-13" owari="167,-3,653,75,36,-46,144,-26" /></mjloggm>