<mjloggm ver="2.3"><GO type="169"/><UN n0="%43%52%41%5A%59%42%45%45" n1="%EF%BC%94%EF%BC%91%EF%BC%96" n2="%E3%80%93%E3%81%84%E3%81%A1%E3%81%AF%E3%82%89%E3%80%93" n3="%2D%61%76%61%74%61%72%2D" dan="16,16,18,16" rate="2087,2109,2192,2185" sx="M,M,M,M"/><TAIKYOKU oya="0"/><INIT seed="0,0,0,2,4,0" ten="250,250,250,250" oya="0" hai0="21,32,13,54,86,14,65,101,27,107,24,25,133" hai1="44,115,49,45,85,130,53,46,126,80,76,117,90" hai2="87,108,124,116,81,88,112,100,128,131,15,48,3" hai3="96,97,95,35,60,7,33,111,120,77,61,121,52"/><T2/><D2/><U75/><E117/><V135/><F3/><W19/><G77/><T31/><D133/><U134/><E134/><V59/><F112/><W83/><G83/><T38/><D38/><U105/><E115/><V74/><F74/><W118/><G118/><T43/><D43/><U64/><E126/><V12/><F135/><W51/><G19/><T127/><D127/><U26/><E105/><V63/><F116/><W62/><G111/><T55/><D86/><U123/><E123/><N who="3" m="47178" /><G7/><T93/><D107/><U22/><E130/><V36/><F36/><W106/><G106/><T110/><D110/><U98/><E64/><V99/><F108/><W10/><G10/><T42/><D42/><U23/><E23/><V1/><F1/><W4/><G4/><T5/><D65/><U129/><E129/><N who="2" m="49739" /><F48/><W56/><G97/><N who="0" m="59567" /><D32/><U20/><E20/><V89/><F89/><AGARI ba="0,0" hai="33,35,51,52,56,60,61,62,89,95,96" m="47178" machi="89" ten="30,2000,0" yaku="13,1,54,1" doraHai="0" who="3" fromWho="2" sc="250,0,250,0,250,-20,250,20" /><INIT seed="1,0,0,0,3,119" ten="250,250,230,270" oya="1" hai0="92,129,36,89,34,97,62,85,114,128,121,75,3" hai1="123,107,42,0,65,127,58,24,130,35,77,14,101" hai2="44,19,78,46,56,111,64,106,122,79,29,84,115" hai3="87,9,22,72,50,68,126,26,118,53,113,25,33"/><U15/><E0/><V99/><F111/><W54/><G72/><T43/><D75/><U6/><E6/><V27/><F115/><W108/><G68/><T57/><D114/><U49/><E77/><V80/><F79/><W11/><G108/><T66/><D3/><U88/><E88/><V81/><F81/><W109/><G109/><T12/><D34/><U60/><E127/><V74/><F74/><W135/><G126/><T95/><D121/><U134/><E130/><N who="0" m="50281" /><D12/><U16/><E134/><V105/><F122/><W38/><G135/><T55/><D43/><U102/><E123/><V83/><F80/><W17/><G38/><T32/><D32/><U8/><E15/><V51/><F19/><W133/><G118/><T76/><D36/><U96/><E102/><V131/><F46/><W67/><G133/><T37/><D37/><U7/><E7/><V63/><F99/><W117/><G33/><T61/><D76/><U103/><E103/><V82/><F82/><W59/><G117/><T5/><D5/><U100/><E100/><V40/><REACH who="2" step="1"/><F131/><REACH who="2" step="2"/><W10/><G113/><T13/><D97/><U48/><REACH who="1" step="1"/><E42/><REACH who="1" step="2"/><V124/><F124/><W52/><G87/><T23/><D85/><U70/><E70/><V112/><F112/><W1/><G1/><T73/><D73/><U91/><E91/><V18/><F18/><W110/><G110/><T90/><D89/><U86/><E86/><V28/><F28/><AGARI ba="0,2" hai="8,14,16,24,28,35,48,49,58,60,65,96,101,107" machi="28" ten="40,7700,0" yaku="1,1,54,1,53,1" doraHai="119" doraHaiUra="21" who="1" fromWho="2" sc="250,0,240,97,220,-77,270,0" /><INIT seed="1,1,0,2,0,60" ten="250,337,143,270" oya="1" hai0="88,114,59,43,51,66,29,13,77,4,78,121,101" hai1="106,113,84,99,58,97,80,71,64,95,104,48,116" hai2="110,126,55,27,72,47,24,68,7,35,115,36,19" hai3="98,39,57,3,65,79,42,28,63,21,125,1,38"/><U20/><E116/><V131/><F72/><W129/><G79/><T86/><D114/><U52/><E113/><V40/><F115/><W73/><G73/><T50/><D29/><U124/><E124/><V41/><F126/><W123/><G123/><T91/><D101/><U122/><E122/><V107/><F131/><W105/><G129/><T23/><D121/><U109/><E109/><V14/><F110/><W82/><G82/><N who="0" m="47439" /><D78/><U118/><E118/><V117/><F117/><W15/><G125/><T96/><D96/><U22/><E99/><V10/><F107/><W9/><G42/><T94/><D94/><U2/><E2/><V135/><F68/><W128/><G128/><T102/><D102/><N who="1" m="60735" /><E71/><V53/><F41/><W0/><G98/><T89/><D43/><U134/><E134/><V46/><F135/><W11/><G105/><T30/><D30/><U87/><E87/><V33/><F33/><W75/><G75/><T85/><D85/><U62/><E106/><V74/><F74/><W130/><G130/><T56/><D56/><N who="1" m="36935" /><E104/><V103/><F103/><W81/><G81/><T120/><D120/><U37/><E37/><V61/><F35/><W69/><G69/><T100/><D100/><U83/><E83/><V49/><F36/><W6/><G38/><T93/><D93/><U45/><E58/><N who="2" m="35039" /><F7/><N who="3" m="1255" /><G39/><T12/><D4/><U44/><E44/><V18/><F18/><N who="3" m="10463" /><G28/><T108/><D108/><U133/><E133/><V8/><F8/><W67/><G1/><T31/><D31/><U112/><E112/><V92/><F92/><W119/><G119/><T54/><D91/><AGARI ba="1,0" hai="20,22,45,48,52,80,84,91" m="36935,60735" machi="91" ten="30,11600,0" yaku="6,1,8,1,52,1,54,1" doraHai="60" who="1" fromWho="0" sc="250,-119,337,119,143,0,270,0" /><INIT seed="1,2,0,3,1,27" ten="131,456,143,270" oya="1" hai0="124,108,25,58,135,55,78,72,19,94,22,83,57" hai1="12,131,106,8,2,91,133,52,77,64,66,56,70" hai2="68,11,34,29,75,134,7,90,67,15,98,54,31" hai3="59,119,41,85,125,60,99,1,20,73,53,81,37"/><U10/><E106/><V89/><F75/><W23/><G73/><T21/><D108/><U6/><E70/><V38/><F38/><W122/><G1/><T30/><D124/><U24/><E131/><V118/><F118/><W65/><G122/><T42/><D135/><U63/><E133/><V104/><F134/><W109/><G125/><T126/><D126/><U105/><E105/><V92/><F104/><W50/><G109/><T103/><D42/><U18/><E77/><V46/><F34/><W84/><G84/><T69/><D69/><U48/><E91/><V128/><F128/><W79/><G119/><T101/><D94/><U47/><REACH who="1" step="1"/><E24/><REACH who="1" step="2"/><V5/><F68/><N who="3" m="42023" /><G99/><T76/><D78/><U115/><E115/><V110/><F110/><W39/><G39/><T43/><D76/><U96/><E96/><V74/><F90/><W28/><G79/><T82/><D72/><U120/><E120/><V17/><F74/><W9/><G85/><T33/><D25/><U102/><E102/><V36/><F36/><W62/><G37/><T13/><D101/><U35/><E35/><V112/><F112/><W127/><G127/><T93/><D33/><U130/><E130/><V132/><F132/><W26/><G26/><T97/><D103/><U107/><E107/><V123/><F123/><W113/><G113/><T14/><D97/><U49/><E49/><N who="2" m="28983" /><F67/><AGARI ba="2,1" hai="2,6,8,10,12,18,47,48,52,56,63,64,66,67" machi="67" ten="30,12000,1" yaku="1,1,7,1,54,1,53,2" doraHai="27" doraHaiUra="4" who="1" fromWho="2" sc="131,0,446,136,143,-126,270,0" /><INIT seed="1,3,0,4,5,76" ten="131,582,17,270" oya="1" hai0="74,23,3,121,82,7,36,34,41,114,61,31,24" hai1="10,38,103,80,67,22,54,56,8,112,122,108,45" hai2="48,12,117,49,111,1,57,9,97,18,63,79,85" hai3="113,96,127,101,32,118,60,55,21,94,107,86,14"/><U59/><E112/><V89/><F111/><W28/><G32/><T99/><D114/><U29/><E122/><V124/><F117/><W71/><G118/><T30/><D121/><U66/><E108/><V47/><F124/><W73/><G127/><T134/><D134/><U135/><E135/><V104/><F1/><W35/><G73/><T95/><D30/><U123/><E123/><V119/><F119/><W105/><G113/><T132/><D132/><U109/><E109/><V87/><F104/><W129/><G35/><T15/><D61/><U69/><E69/><V72/><F72/><W17/><G28/><T68/><D68/><U5/><E103/><V19/><F19/><W65/><G129/><T106/><D106/><U51/><E38/><V91/><F97/><W84/><G105/><T120/><D120/><U70/><E70/><V77/><F49/><W44/><G107/><T93/><D99/><U37/><E37/><V20/><F20/><W2/><G2/><T116/><D116/><U75/><E75/><V102/><F102/><W26/><G14/><T78/><D15/><U130/><E130/><V27/><F27/><W100/><G100/><T92/><D34/><U125/><E125/><V126/><F126/><W62/><G60/><T0/><D7/><U90/><E5/><V6/><F6/><W43/><G55/><T53/><D53/><U16/><E29/><V11/><F63/><W98/><G96/><T40/><D40/><U88/><E10/><V110/><F11/><W58/><G71/><T52/><D52/><U50/><E8/><V4/><F4/><RYUUKYOKU ba="3,0" sc="131,15,582,-15,17,-15,270,15" hai0="0,3,23,24,31,36,41,74,78,82,92,93,95" hai3="17,21,26,43,44,58,62,65,84,86,94,98,101" /><INIT seed="2,4,0,2,3,0" ten="146,567,2,285" oya="2" hai0="46,102,25,83,118,93,112,11,97,103,79,130,122" hai1="58,48,5,39,108,114,66,29,128,85,47,60,42" hai2="65,35,131,22,111,68,34,116,63,64,125,72,2" hai3="89,38,62,27,88,124,87,12,98,41,107,44,17"/><V13/><F116/><W74/><G74/><T123/><D112/><U95/><E114/><V55/><F2/><W71/><G124/><T40/><D118/><U37/><E128/><V24/><F125/><W6/><G71/><T8/><D130/><U7/><E108/><V54/><F131/><W33/><G62/><T115/><D115/><U106/><E106/><V20/><F72/><W133/><G133/><T28/><D103/><U134/><E134/><V43/><F111/><W117/><G117/><T36/><D123/><U109/><E109/><V126/><F126/><W84/><G107/><T92/><D122/><U14/><E29/><V99/><F43/><W76/><G98/><T32/><D93/><U56/><E39/><V81/><F81/><W94/><G76/><T30/><D28/><U100/><E37/><V57/><F99/><W1/><G33/><T18/><D18/><U86/><E58/><V70/><F13/><W120/><G27/><T51/><D36/><U90/><E100/><V105/><F105/><W52/><G41/><T61/><D61/><U104/><E104/><V9/><F9/><N who="3" m="4151" /><G17/><T15/><D15/><U67/><E67/><V75/><F75/><AGARI ba="4,0" hai="8,11,25,30,32,40,46,51,75,79,83,92,97,102" machi="75" ten="30,1000,0" yaku="7,1" doraHai="0" who="0" fromWho="2" sc="146,22,567,0,2,-22,285,0" owari="168,-23,567,66,-20,-52,285,9" /></mjloggm>