<mjloggm ver="2.3"><GO type="169"/><UN n0="%6B%6B%31%32%35" n1="%E5%A4%9C%E5%A4%A2%E6%AB%BB" n2="%E3%80%93%E3%81%84%E3%81%A1%E3%81%AF%E3%82%89%E3%80%93" n3="%E5%8F%82%E7%B3%BB%E5%A4%A7%E6%9C%AC%E5%96%B6" dan="16,16,18,16" rate="2035,2102,2186,2142" sx="M,M,M,M"/><TAIKYOKU oya="0"/><INIT seed="0,0,0,0,4,72" ten="250,250,250,250" oya="0" hai0="75,91,55,123,77,21,32,36,132,20,24,98,28" hai1="133,112,35,76,60,88,67,17,34,126,130,116,49" hai2="12,40,6,131,15,101,27,129,114,125,90,39,89" hai3="66,48,93,102,41,7,53,115,3,103,29,68,128"/><T42/><D123/><U81/><E116/><V71/><F71/><W45/><G115/><T83/><D132/><U78/><E133/><V99/><F114/><W44/><G128/><T120/><D120/><U8/><E112/><V118/><F118/><W37/><G29/><T56/><D42/><U96/><E130/><V47/><F125/><W31/><G31/><T58/><D58/><N who="1" m="37271" /><E35/><V109/><F109/><W57/><G93/><T61/><REACH who="0" step="1"/><D36/><REACH who="0" step="2"/><U119/><E119/><V5/><F131/><W87/><G41/><T104/><D104/><U121/><E121/><V50/><F129/><W2/><G37/><T11/><D11/><U30/><E8/><V134/><F134/><W25/><G3/><T127/><D127/><U100/><E126/><V4/><F39/><W65/><G2/><T69/><D69/><U63/><E34/><V111/><F111/><W64/><G68/><T52/><D52/><U117/><E117/><V86/><F27/><W107/><G25/><T1/><D1/><U94/><E30/><V122/><F122/><W26/><G26/><T85/><D85/><N who="1" m="50223" /><E17/><V95/><REACH who="2" step="1"/><F90/><REACH who="2" step="2"/><W105/><G103/><T135/><D135/><U38/><E38/><V106/><AGARI ba="0,2" hai="4,5,6,12,15,40,47,50,86,89,95,99,101,106" machi="106" ten="30,7900,0" yaku="1,1,2,1,0,1,53,1" doraHai="72" doraHaiUra="82" who="2" fromWho="2" sc="240,-39,250,-20,240,99,250,-20" /><INIT seed="1,0,0,5,0,12" ten="201,230,339,230" oya="1" hai0="41,66,28,1,81,104,47,7,38,29,17,79,78" hai1="32,45,92,135,34,20,19,36,93,40,5,25,15" hai2="30,24,126,70,0,131,122,117,83,69,63,82,62" hai3="72,14,61,55,120,127,109,115,133,2,56,118,27"/><U129/><E135/><V76/><F122/><W114/><G2/><T71/><D104/><U50/><E129/><V119/><F131/><W90/><G120/><T52/><D78/><U134/><E134/><V67/><F0/><W33/><G133/><T121/><D121/><U80/><E80/><V37/><F37/><W84/><G72/><N who="0" m="43239" /><D66/><U108/><E108/><V74/><F83/><W16/><G109/><T39/><D39/><U96/><E36/><V116/><F126/><W112/><G112/><T9/><D71/><U51/><E50/><V64/><REACH who="2" step="1"/><F117/><REACH who="2" step="2"/><W77/><G127/><T54/><D29/><U21/><E93/><V53/><F53/><N who="0" m="20586" /><D28/><U8/><REACH who="1" step="1"/><E21/><AGARI ba="0,1" hai="21,24,30,62,63,64,67,69,70,74,76,82,116,119" machi="21" ten="30,7700,0" yaku="1,1,7,1,9,1,53,1" doraHai="12" doraHaiUra="73" who="2" fromWho="1" sc="201,0,230,-77,329,87,230,0" /><INIT seed="2,0,0,5,2,91" ten="201,153,416,230" oya="2" hai0="28,11,92,44,59,62,94,93,128,41,129,46,113" hai1="38,109,39,16,0,7,77,6,117,58,55,82,126" hai2="17,101,30,75,29,73,132,19,114,104,45,72,124" hai3="131,53,133,31,52,23,22,69,96,5,115,116,79"/><V2/><F114/><W1/><G116/><T57/><D113/><U71/><E117/><V76/><F2/><W123/><G115/><T108/><D28/><U21/><E71/><V105/><F132/><W102/><G123/><T13/><D108/><U99/><E109/><V125/><F76/><W61/><G133/><T24/><D24/><U98/><E126/><N who="2" m="48747" /><F45/><N who="0" m="17514" /><D41/><U36/><E0/><V18/><F101/><W80/><G1/><T65/><D65/><U50/><E7/><V74/><N who="2" m="18432" /><DORA hai="118" /><V89/><F89/><W9/><G79/><T56/><D128/><U70/><E6/><V130/><F130/><W10/><G5/><N who="0" m="3311" /><D129/><U86/><REACH who="1" step="1"/><E70/><REACH who="1" step="2"/><V42/><F42/><W15/><G69/><T34/><D34/><U60/><E60/><V48/><F48/><W68/><G61/><T100/><D62/><U78/><E78/><V83/><F83/><W90/><G80/><T47/><D47/><U66/><E66/><V3/><F3/><W88/><G68/><T127/><D127/><U81/><E81/><V40/><F40/><W26/><G131/><T14/><D14/><AGARI ba="0,1" hai="14,16,21,36,38,39,50,55,58,77,82,86,98,99" machi="14" ten="40,2600,0" yaku="1,1,54,1,53,0" doraHai="91,118" doraHaiUra="112,97" who="1" fromWho="0" sc="201,-26,143,36,416,0,230,0" /><INIT seed="3,0,0,4,4,70" ten="175,179,416,230" oya="3" hai0="120,121,20,111,103,0,61,29,131,45,39,78,1" hai1="95,62,59,71,128,132,69,129,36,110,92,100,67" hai2="124,47,7,11,13,101,25,112,8,60,31,98,123" hai3="130,80,55,23,116,118,122,126,48,28,133,21,76"/><W58/><G122/><T54/><D103/><U32/><E32/><V38/><F112/><W107/><G107/><T2/><D78/><U68/><E100/><V40/><F123/><W86/><G133/><T17/><D29/><U46/><E95/><V82/><F82/><W27/><G130/><N who="1" m="50282" /><E92/><V18/><F124/><W19/><REACH who="3" step="1"/><G126/><REACH who="3" step="2"/><T87/><D131/><U64/><E132/><V89/><F101/><W15/><AGARI ba="0,1" hai="15,19,21,23,27,28,48,55,58,76,80,86,116,118" machi="15" ten="20,12000,1" yaku="1,1,2,1,0,1,7,1,53,1" doraHai="70" doraHaiUra="75" who="3" fromWho="3" sc="175,-40,179,-40,416,-40,220,130" /><INIT seed="3,1,0,0,1,121" ten="135,139,376,350" oya="3" hai0="81,7,122,51,101,56,37,129,11,6,110,116,48" hai1="36,55,0,118,10,15,91,120,38,19,63,96,18" hai2="119,134,86,16,87,130,89,92,33,73,42,52,45" hai3="77,20,35,66,70,105,34,26,88,102,107,3,46"/><W112/><G112/><T44/><D122/><U29/><E120/><V4/><F73/><W5/><G77/><T41/><D116/><U108/><E118/><V114/><F119/><W123/><G123/><T97/><D129/><U25/><E0/><V54/><F130/><W62/><G5/><T47/><D7/><U128/><E128/><V57/><F33/><W74/><G3/><T28/><D28/><U133/><E133/><V106/><F106/><W14/><G74/><T39/><D81/><U68/><E19/><V104/><F104/><W76/><G76/><T83/><D83/><U125/><E125/><V75/><F75/><W100/><G14/><T2/><D56/><U135/><E135/><V72/><F72/><W58/><G105/><T67/><D67/><U69/><E69/><V24/><F134/><W22/><G22/><T9/><D9/><U1/><E1/><V131/><F131/><W53/><G46/><T117/><D117/><U12/><E12/><V59/><F114/><W65/><G65/><T113/><D113/><U95/><E68/><V82/><F4/><W84/><G107/><T32/><D32/><U94/><E38/><V99/><F59/><W126/><G126/><T64/><D39/><U90/><E36/><V111/><F57/><W71/><G71/><T40/><D37/><U80/><E15/><V98/><F45/><W50/><G35/><T31/><D64/><U43/><E10/><V79/><F79/><W78/><G34/><T8/><D8/><U61/><E61/><V115/><F115/><W17/><G78/><T93/><D31/><RYUUKYOKU ba="1,0" sc="135,15,139,-15,376,-15,350,15" hai0="2,6,11,40,41,44,47,48,51,93,97,101,110" hai3="17,20,26,50,53,58,62,66,70,84,88,100,102" /><INIT seed="3,2,0,4,4,37" ten="150,124,361,365" oya="3" hai0="34,98,114,75,47,108,18,48,109,36,86,81,112" hai1="70,45,118,19,122,105,54,76,63,46,131,80,5" hai2="32,123,89,35,133,10,43,130,126,44,22,73,91" hai3="84,134,110,62,93,4,88,8,116,106,53,56,58"/><W125/><G116/><T79/><D34/><U132/><E122/><V78/><F123/><W25/><G106/><T1/><D1/><U3/><E105/><V16/><F133/><W96/><G134/><T31/><D31/><U6/><E132/><V135/><F135/><W12/><G125/><T94/><D36/><U83/><E118/><V42/><F126/><W100/><G110/><N who="0" m="42603" /><D18/><U57/><E70/><V85/><F73/><W39/><G39/><T128/><D128/><U77/><E131/><V64/><F130/><W15/><G25/><T11/><D11/><U50/><E19/><V9/><F64/><W23/><G58/><T127/><D127/><U14/><E3/><V26/><F35/><W129/><G129/><T51/><D75/><U66/><E46/><V115/><F32/><W119/><G119/><T60/><D60/><U107/><E107/><V103/><F103/><W69/><G69/><T120/><D120/><U102/><E102/><V21/><F21/><W59/><G59/><T67/><D67/><U49/><E49/><N who="0" m="19017" /><D47/><U27/><E66/><V2/><F44/><W72/><G72/><T13/><D13/><U113/><E14/><V55/><F2/><W117/><G117/><T90/><AGARI ba="2,0" hai="79,81,86,90,94,98,112,114" m="19017,42603" machi="90" ten="30,1100,0" yaku="14,1" doraHai="37" who="0" fromWho="0" sc="150,17,124,-5,361,-5,365,-7" /><INIT seed="4,0,0,0,1,30" ten="167,119,356,358" oya="0" hai0="103,119,51,8,102,93,132,80,17,135,100,19,79" hai1="58,99,72,0,67,117,3,10,29,71,35,32,110" hai2="42,121,57,97,112,43,18,20,130,81,120,66,89" hai3="77,101,125,41,14,52,123,92,55,5,40,82,61"/><T64/><D119/><U22/><E72/><V108/><F108/><W63/><G125/><T107/><D64/><U11/><E71/><V47/><F112/><W131/><G131/><T46/><D107/><U106/><E110/><V53/><F130/><W34/><G123/><T69/><D69/><U115/><E117/><V73/><F66/><W25/><G34/><N who="1" m="12842" /><E106/><V90/><F43/><N who="3" m="16459" /><G25/><T49/><D93/><U104/><E104/><V83/><F83/><W12/><G77/><T39/><D51/><U68/><E99/><V7/><F7/><W36/><G82/><T76/><D49/><U111/><E111/><V23/><F23/><W28/><G28/><T105/><D105/><U113/><E68/><V4/><F4/><W27/><G27/><T9/><D80/><U118/><E118/><V38/><F90/><W88/><G101/><T78/><D39/><U124/><E67/><V98/><F98/><N who="3" m="57607" /><G36/><T59/><D59/><U128/><E58/><V26/><F73/><W127/><G127/><T37/><D37/><U13/><E124/><V95/><REACH who="2" step="1"/><F81/><REACH who="2" step="2"/><W6/><G6/><T56/><D56/><U1/><E128/><V122/><F122/><W133/><G5/><T48/><D46/><U109/><E109/><V126/><F126/><W50/><G63/><AGARI ba="0,1" hai="18,20,26,38,42,47,53,57,63,89,95,97,120,121" machi="63" ten="30,7700,0" yaku="1,1,7,1,25,2,53,0" doraHai="30" doraHaiUra="65" who="2" fromWho="3" sc="167,0,119,0,346,87,358,-77" /><INIT seed="5,0,0,3,0,54" ten="167,119,433,281" oya="1" hai0="0,94,76,63,6,26,129,95,103,15,56,47,52" hai1="9,59,75,91,2,132,74,107,87,1,33,44,110" hai2="133,86,82,93,16,10,106,14,80,55,66,11,19" hai3="114,122,130,117,60,25,61,23,53,85,72,70,36"/><U58/><E33/><V88/><F106/><W116/><G72/><T79/><D0/><U81/><E107/><V28/><F133/><W30/><G122/><T34/><D129/><U120/><E120/><V102/><F66/><W100/><G36/><T96/><D34/><U101/><E101/><V69/><F69/><W29/><G130/><T67/><D26/><U18/><E132/><V90/><F28/><W35/><G114/><T111/><D111/><U68/><E68/><V77/><F102/><W126/><G100/><T134/><D134/><U121/><E121/><V113/><F113/><W24/><G126/><T7/><D95/><U27/><E110/><V64/><F64/><W45/><G70/><T105/><D105/><U13/><E44/><V43/><F43/><W12/><G12/><T57/><D47/><U104/><E104/><V40/><F40/><W118/><G85/><T50/><D15/><U131/><E131/><V3/><F19/><W5/><G5/><AGARI ba="0,0" hai="5,6,7,50,52,56,57,63,67,76,79,94,96,103" machi="5" ten="40,8000,1" yaku="8,1,52,2,54,1" doraHai="54" who="0" fromWho="3" sc="167,80,119,0,433,0,281,-80" /><INIT seed="6,0,0,2,2,67" ten="247,119,433,201" oya="2" hai0="15,65,99,24,21,134,102,85,2,47,72,88,129" hai1="37,28,107,50,80,135,11,105,41,128,62,94,25" hai2="112,96,92,73,26,120,58,111,75,43,22,91,78" hai3="49,12,103,127,35,131,83,124,29,123,60,32,116"/><V90/><F120/><W104/><G123/><T114/><D72/><U0/><E50/><V34/><F34/><W108/><G116/><T51/><D2/><U4/><E94/><V70/><F111/><W89/><G108/><T119/><D119/><U27/><E27/><V100/><F112/><W52/><G131/><T110/><D110/><U42/><E128/><V63/><F43/><W59/><G103/><T98/><D65/><U87/><E42/><V17/><F70/><W64/><G104/><T97/><D129/><U57/><E135/><V48/><F48/><W6/><G29/><N who="0" m="17551" /><D15/><U61/><E61/><V74/><REACH who="2" step="1"/><F78/><REACH who="2" step="2"/><W55/><G35/><T125/><D114/><U46/><E62/><V36/><F36/><W19/><G32/><T39/><D39/><U20/><REACH who="1" step="1"/><E57/><REACH who="1" step="2"/><V109/><F109/><W81/><G49/><T54/><D134/><U53/><E53/><AGARI ba="0,2" hai="17,22,26,53,58,63,73,74,75,90,91,92,96,100" machi="53" ten="40,7700,0" yaku="1,1,53,2" doraHai="67" doraHaiUra="86" who="2" fromWho="1" sc="247,0,109,-77,423,97,201,0" /><INIT seed="6,1,0,5,4,97" ten="247,32,520,201" oya="2" hai0="110,133,57,125,36,28,16,127,9,2,78,27,55" hai1="119,70,76,85,116,12,123,113,23,102,26,63,40" hai2="48,131,44,19,75,90,13,53,11,132,25,58,39" hai3="83,103,73,17,52,41,3,47,98,34,120,29,129"/><V54/><F132/><W18/><G120/><T89/><D110/><U22/><E123/><V51/><F131/><W106/><G3/><T87/><D36/><U104/><E40/><V69/><F69/><W68/><G68/><T46/><D78/><U6/><E76/><V100/><F75/><W31/><G129/><T8/><D46/><U96/><E113/><V38/><F100/><W111/><G111/><T45/><D45/><U79/><E79/><V99/><F99/><W77/><G34/><N who="0" m="20767" /><D16/><U118/><E85/><V15/><F25/><W67/><G67/><T135/><D2/><U88/><E88/><V42/><F42/><W92/><G106/><T114/><D114/><U121/><E121/><V65/><F65/><W91/><G91/><T10/><D89/><U84/><E84/><V117/><F117/><W30/><REACH who="3" step="1"/><G52/><REACH who="3" step="2"/><T72/><D135/><U5/><E70/><V74/><F90/><W94/><G94/><T50/><D133/><U95/><E104/><V112/><F112/><W101/><G101/><T109/><D109/><U21/><E63/><V134/><F134/><W82/><G82/><T130/><D130/><U43/><E43/><V115/><F115/><W105/><G105/><T37/><D55/><U126/><E126/><V81/><F81/><W7/><G7/><T1/><D127/><U86/><E5/><V107/><F107/><W66/><G66/><T35/><D35/><U80/><E80/><V20/><F54/><W60/><G60/><T64/><D125/><U122/><E122/><V32/><F53/><W93/><G93/><T124/><D64/><RYUUKYOKU ba="1,1" sc="247,-10,32,-10,520,-10,191,30" hai3="17,18,29,30,31,41,47,73,77,83,92,98,103" /><INIT seed="7,2,1,2,4,67" ten="237,22,510,221" oya="3" hai0="124,102,34,39,84,15,132,62,128,23,2,133,83" hai1="42,17,120,118,54,73,106,95,109,28,96,126,63" hai2="25,135,16,32,103,4,58,10,41,43,30,75,93" hai3="57,13,86,78,31,33,117,98,94,100,5,46,22"/><W125/><G117/><T113/><D39/><U9/><E120/><V134/><F75/><W101/><G33/><T38/><D38/><U129/><E109/><V130/><F130/><W85/><G125/><T112/><D124/><U81/><E126/><V79/><F79/><W122/><G122/><T91/><D34/><U45/><E118/><V82/><F82/><W24/><G101/><T66/><D2/><U0/><E129/><V20/><F58/><W53/><G46/><T1/><D1/><U3/><E106/><V59/><F59/><W110/><G110/><T12/><D102/><U70/><E28/><V14/><F93/><W65/><G65/><T19/><D15/><N who="1" m="7407" /><E70/><V6/><F6/><W87/><G13/><T131/><D131/><U26/><E26/><V69/><F69/><W105/><G5/><T55/><D55/><U51/><E73/><V116/><F116/><W77/><G105/><T115/><D128/><U60/><E81/><V47/><F103/><W49/><AGARI ba="2,1" hai="22,24,31,49,53,57,77,78,85,86,87,94,98,100" machi="49" ten="30,3000,0" yaku="0,1,8,1" doraHai="67" who="3" fromWho="3" sc="237,-12,22,-12,510,-12,221,46" /><INIT seed="7,3,0,0,1,57" ten="225,10,498,267" oya="3" hai0="113,128,6,43,26,28,22,87,38,96,104,81,64" hai1="100,135,125,66,60,111,109,56,37,14,51,55,131" hai2="20,91,92,108,102,12,105,13,129,19,2,68,103" hai3="89,52,41,0,59,70,44,114,35,21,107,54,90"/><W27/><G70/><T58/><D128/><U5/><E100/><V50/><F2/><W75/><G75/><T16/><D6/><U53/><E14/><V8/><F108/><W120/><G120/><T10/><D43/><U48/><E5/><V79/><F68/><W46/><G107/><T63/><D38/><U77/><E77/><V61/><F105/><W132/><G35/><T23/><D113/><U123/><E123/><V126/><F129/><W69/><G69/><T40/><D40/><U34/><E34/><V1/><F1/><W112/><G0/><T24/><D10/><U18/><E18/><V88/><F79/><W11/><G11/><T42/><D42/><U15/><E15/><V110/><F50/><W118/><G118/><T78/><D104/><U49/><E131/><V119/><F91/><W4/><G4/><T94/><D94/><U82/><E82/><V67/><F110/><W29/><G132/><T121/><D121/><U84/><E84/><V98/><F126/><W72/><G72/><T73/><D73/><U115/><E125/><V76/><F76/><W9/><G9/><T85/><D85/><U101/><E101/><V86/><F86/><W124/><G124/><T122/><D122/><U47/><E135/><V71/><F119/><W65/><G114/><T17/><D96/><U116/><E116/><V133/><F133/><W74/><G74/><T31/><AGARI ba="3,0" hai="16,17,22,23,24,26,28,31,58,63,64,78,81,87" machi="31" ten="20,12000,2" yaku="0,1,7,1,9,1,8,1,52,1,54,1" doraHai="57" who="0" fromWho="0" sc="225,129,10,-33,498,-33,267,-63" owari="354,15,-23,-52,465,57,204,-20" /></mjloggm>