<mjloggm ver="2.3"><GO type="225"/><UN n0="%61%62%61%6E%74%65%73" n1="%E3%81%B6%E3%81%A3%E3%81%A8%E3%81%B3%E4%BE%8D" n2="%E6%AF%94%E5%98%89%E7%A7%80%E4%BB%81" n3="%E9%8A%80%E9%81%8A%E7%A7%81%E4%BA%BA" dan="16,17,16,16" rate="2091,2113,2138,2019" sx="M,M,M,M"/><TAIKYOKU oya="0"/><INIT seed="0,0,0,0,1,75" ten="250,250,250,250" oya="0" hai0="116,117,133,59,76,86,21,74,60,41,135,42,50" hai1="124,44,26,99,96,27,130,105,95,108,106,84,70" hai2="39,15,36,85,23,71,89,125,111,121,114,118,48" hai3="19,5,58,57,119,51,40,115,56,16,73,47,104"/><T61/><D74/><U88/><E70/><V94/><F121/><W20/><G115/><T52/><D21/><U80/><E108/><V33/><F71/><W87/><G119/><N who="0" m="45643" /><D86/><U134/><E134/><N who="0" m="51209" /><D76/><U8/><E130/><V102/><F33/><W90/><G73/><T25/><D25/><U68/><E68/><V107/><F114/><W72/><G72/><T10/><D10/><U81/><E124/><V0/><F125/><W24/><G104/><T66/><D61/><U91/><E8/><V49/><F0/><W54/><G5/><T82/><D82/><U112/><E112/><V122/><F23/><W65/><G65/><T101/><D101/><U97/><E97/><V127/><F127/><W22/><G40/><T4/><D4/><U13/><E84/><V113/><F113/><W78/><G78/><T17/><D17/><N who="3" m="6729" /><G24/><T64/><D64/><U31/><E106/><V29/><F107/><W9/><G9/><T43/><D43/><U37/><E105/><V12/><F102/><W77/><G77/><T7/><D7/><U28/><E26/><V35/><F35/><W131/><G131/><T62/><D60/><U103/><E27/><V55/><F29/><W32/><G32/><T92/><D92/><AGARI ba="0,0" hai="20,22,47,51,54,56,57,58,87,90,92" m="6729" machi="92" ten="30,2000,0" yaku="8,1,54,1" doraHai="75" who="3" fromWho="0" sc="250,-20,250,0,250,0,250,20" /><INIT seed="1,0,0,4,4,80" ten="230,250,250,270" oya="1" hai0="90,55,118,36,83,114,89,28,15,17,68,106,79" hai1="93,63,69,105,5,100,73,122,77,85,117,54,135" hai2="47,107,95,45,109,132,82,120,99,58,108,27,43" hai3="46,29,126,87,130,65,18,61,49,96,26,41,7"/><U0/><E117/><V8/><F120/><W9/><G130/><T98/><D68/><U119/><E122/><V112/><F107/><W76/><G126/><T32/><D36/><U25/><E119/><V34/><F132/><W66/><G18/><T111/><D118/><U71/><E135/><V20/><F34/><W13/><G96/><T24/><D114/><U37/><E37/><V30/><F8/><W51/><G51/><T56/><D111/><N who="2" m="42570" /><F58/><W128/><G128/><T92/><D106/><U129/><E129/><V91/><F112/><W60/><G66/><T127/><D127/><U40/><E40/><V131/><F131/><W31/><G65/><T59/><D90/><N who="1" m="53455" /><E25/><V115/><F115/><W33/><REACH who="3" step="1"/><G29/><REACH who="3" step="2"/><T133/><D133/><U101/><E101/><V38/><F30/><W52/><G52/><T22/><REACH who="0" step="1"/><D55/><REACH who="0" step="2"/><U121/><E54/><V97/><F43/><W72/><G72/><AGARI ba="0,2" hai="15,17,22,24,28,32,56,59,72,79,83,89,92,98" machi="72" ten="30,3900,0" yaku="1,1,2,1,7,1,53,0" doraHai="80" doraHaiUra="116" who="0" fromWho="3" sc="220,59,250,0,250,0,260,-39" /><INIT seed="2,0,0,2,1,24" ten="279,250,250,221" oya="2" hai0="19,39,89,99,58,53,29,72,17,8,35,125,37" hai1="88,105,60,43,90,77,67,48,86,120,31,129,131" hai2="94,61,104,112,124,12,95,33,85,83,66,70,84" hai3="119,68,101,111,22,3,98,14,4,59,6,49,47"/><V23/><F104/><W123/><G123/><T0/><D72/><U128/><E105/><V130/><F112/><W91/><G68/><T135/><D0/><U2/><E2/><V110/><F33/><W75/><G119/><T36/><D135/><U46/><E120/><V93/><F130/><W109/><G75/><T26/><D125/><U42/><E42/><V54/><F110/><N who="3" m="41995" /><G91/><T107/><D8/><U74/><E74/><V127/><F54/><W38/><G38/><T15/><D15/><U57/><REACH who="1" step="1"/><E31/><REACH who="1" step="2"/><V40/><F40/><N who="3" m="24807" /><G3/><T44/><D107/><U41/><E41/><V1/><F1/><W28/><G59/><T122/><D122/><U16/><E16/><V76/><F127/><W103/><G28/><T117/><D58/><U115/><E115/><V113/><F124/><W118/><G118/><T78/><D117/><U10/><E10/><V116/><F113/><W51/><G4/><T65/><D29/><U20/><E20/><V32/><F116/><W11/><G22/><T27/><D19/><U21/><E21/><V55/><F32/><W134/><G134/><T62/><D17/><U69/><E69/><V80/><F23/><W9/><G9/><T97/><D35/><U63/><E63/><V5/><F61/><W64/><G6/><T121/><D62/><U7/><E7/><V73/><F5/><W52/><G11/><T30/><D121/><U71/><E71/><V79/><F70/><W132/><G132/><T106/><D30/><U100/><E100/><V92/><F73/><W34/><G101/><T126/><D126/><U56/><E56/><RYUUKYOKU ba="0,1" sc="279,-10,240,30,250,-10,221,-10" hai1="43,46,48,57,60,67,77,86,88,90,128,129,131" /><INIT seed="3,1,1,1,5,75" ten="269,270,240,211" oya="3" hai0="59,102,35,53,130,65,17,77,62,122,19,74,101" hai1="60,114,37,91,87,26,33,3,94,89,86,118,100" hai2="18,0,125,73,63,52,34,120,113,9,58,54,64" hai3="106,24,20,123,49,72,36,2,83,93,117,124,47"/><W12/><G106/><T51/><D122/><U132/><E114/><V97/><F113/><W16/><G123/><T4/><D35/><U80/><E37/><V25/><F125/><W105/><G124/><T112/><D112/><U30/><E3/><V48/><F73/><W21/><G105/><T126/><D126/><U103/><E132/><V129/><F129/><W82/><G117/><T44/><D130/><U98/><E118/><V85/><F97/><W96/><G2/><T55/><D4/><U92/><REACH who="1" step="1"/><E60/><REACH who="1" step="2"/><V110/><F120/><W68/><G36/><T128/><D128/><U69/><E69/><V10/><F0/><W11/><G68/><T22/><D62/><U99/><E99/><V90/><F63/><W109/><G109/><T45/><D51/><U13/><E13/><V57/><F110/><W29/><G72/><T67/><D74/><U111/><E111/><V121/><F48/><W115/><G115/><T133/><D133/><U56/><E56/><V23/><F58/><W5/><G5/><T79/><D59/><U81/><E81/><V38/><F57/><W6/><G6/><T104/><D104/><U134/><E134/><V31/><F38/><W32/><G32/><T41/><D41/><U95/><E95/><N who="2" m="54735" /><F121/><W46/><G11/><N who="2" m="4105" /><F64/><W71/><G71/><T135/><D135/><U15/><E15/><V39/><F39/><W14/><G14/><T40/><D40/><U119/><E119/><V78/><F25/><W107/><G107/><T66/><D66/><U131/><E131/><V76/><F54/><N who="3" m="30007" /><G47/><T1/><D1/><U127/><E127/><RYUUKYOKU ba="1,2" sc="269,10,260,10,240,-30,211,10" hai0="17,19,22,44,45,53,55,65,67,77,79,101,102" hai1="26,30,33,80,86,87,89,91,92,94,98,100,103" hai3="12,16,20,21,24,29,82,83,93,96" /><INIT seed="3,2,2,5,0,82" ten="279,270,210,221" oya="3" hai0="89,84,101,116,41,3,80,114,16,31,125,5,132" hai1="117,112,37,28,55,74,130,38,100,88,36,23,76" hai2="9,68,81,69,48,113,19,71,131,35,72,135,92" hai3="11,0,52,85,121,134,127,50,108,102,46,4,25"/><W45/><G121/><T79/><D116/><U107/><E88/><V105/><F35/><W91/><G102/><T62/><D31/><U106/><E112/><V66/><F113/><W17/><G134/><T99/><D114/><U40/><E55/><V118/><F135/><W49/><G127/><T98/><D132/><U22/><E117/><V70/><F105/><W34/><G108/><T44/><D125/><U18/><E130/><V86/><F118/><W12/><G34/><T133/><D133/><U77/><E28/><V42/><F72/><W26/><G0/><T97/><D5/><U64/><E64/><V119/><F119/><W60/><G60/><T115/><D3/><U122/><E122/><V10/><F92/><N who="3" m="54383" /><G4/><T56/><D115/><U32/><E32/><V7/><F131/><W29/><G29/><T123/><D123/><U129/><E129/><V6/><F19/><W90/><G90/><T93/><D16/><U8/><E100/><V63/><F6/><W111/><G111/><T30/><D30/><U14/><E74/><V51/><F10/><W96/><G96/><T73/><D73/><U53/><E107/><V78/><REACH who="2" step="1"/><F42/><AGARI ba="2,2" hai="11,12,17,25,26,42,45,46,49,50,52" m="54383" machi="42" ten="30,5800,0" yaku="8,1,52,1,54,1" doraHai="82" who="3" fromWho="2" sc="279,0,270,0,210,-64,221,84" owari="279,8,270,-13,146,-35,305,40" /></mjloggm>