<mjloggm ver="2.3"><GO type="169"/><UN n0="%E8%BE%B0%E5%B7%B3%E7%BF%A0" n1="%E3%81%BF%E3%81%A3%E3%81%A4%E3%81%83%EF%BD%9E" n2="%70%74%E5%8A%B9%E7%8E%87%E6%89%93%E6%B3%95" n3="%E3%83%9E%E3%83%84%E3%82%B6%E3%82%AD" dan="16,17,16,16" rate="2088,2118,2085,2052" sx="F,F,M,M"/><TAIKYOKU oya="0"/><INIT seed="0,0,0,5,5,50" ten="250,250,250,250" oya="0" hai0="82,75,93,102,24,78,77,125,92,7,119,26,110" hai1="36,4,71,66,22,13,103,18,19,20,72,106,44" hai2="16,31,99,49,73,64,126,8,121,132,100,91,74" hai3="39,83,27,28,35,46,58,114,67,94,131,32,25"/><T45/><D119/><U14/><E72/><V11/><F121/><W17/><G114/><T0/><D0/><U43/><E4/><V69/><F126/><W76/><G131/><T47/><D125/><U55/><E66/><V65/><F132/><W120/><G120/><T122/><D7/><U104/><E71/><V21/><F31/><W130/><G130/><T127/><D127/><U129/><E103/><V116/><F91/><W87/><G17/><T70/><D70/><U107/><E129/><V84/><F84/><W12/><G12/><T56/><D122/><U105/><N who="1" m="26624" /><DORA hai="42" /><U63/><E63/><V113/><F65/><W6/><G94/><N who="0" m="36459" /><D75/><U112/><REACH who="1" step="1"/><E55/><REACH who="1" step="2"/><V124/><F64/><W3/><G6/><T54/><D102/><U118/><E118/><V117/><F69/><W88/><G67/><T95/><D110/><U86/><E86/><V134/><F100/><W30/><G3/><T52/><D95/><U23/><E23/><V96/><F21/><W90/><REACH who="3" step="1"/><G58/><REACH who="3" step="2"/><T60/><D82/><U133/><E133/><V61/><F134/><W135/><G135/><T128/><D128/><U1/><E1/><V123/><F124/><W33/><G33/><T89/><D56/><U57/><E57/><V101/><F123/><W10/><G10/><T59/><D59/><U34/><E34/><V38/><F11/><W68/><G68/><T40/><D60/><U62/><E62/><V51/><F61/><W111/><G111/><T115/><D115/><AGARI ba="0,2" hai="13,14,18,19,20,22,36,43,44,112,115" m="26624" machi="115" ten="70,8000,1" yaku="1,1,9,1,52,1,53,1" doraHai="50,42" doraHaiUra="37,98" who="1" fromWho="0" sc="250,-80,240,100,250,0,240,0" /><INIT seed="1,0,0,3,2,2" ten="170,340,250,240" oya="1" hai0="109,25,69,54,57,128,110,7,40,95,43,55,24" hai1="116,15,101,106,76,85,73,83,77,17,87,91,123" hai2="125,53,99,65,79,122,126,20,80,26,114,100,61" hai3="48,16,134,135,6,28,59,29,120,42,46,13,133"/><U127/><E127/><N who="2" m="48651" /><F53/><N who="0" m="19978" /><D69/><U30/><E116/><V105/><F122/><W89/><G59/><T132/><D57/><U108/><E123/><V44/><F44/><W19/><G120/><T131/><D95/><U107/><E30/><N who="3" m="11882" /><G89/><T33/><D33/><U111/><E85/><N who="2" m="48287" /><F114/><W22/><G22/><T124/><D124/><U62/><E62/><V39/><F39/><W14/><G14/><T71/><D71/><U104/><E101/><V115/><F115/><W34/><G34/><T103/><D103/><U88/><E91/><V11/><F11/><AGARI ba="0,0" hai="6,11,13,16,19,42,46,48,133,134,135" m="11882" machi="11" ten="40,5200,0" yaku="20,1,52,1,54,1" doraHai="2" who="3" fromWho="2" sc="170,0,340,0,250,-52,240,52" /><INIT seed="2,0,0,1,3,43" ten="170,340,198,292" oya="2" hai0="15,124,42,93,21,86,33,99,131,17,94,100,132" hai1="55,20,135,38,95,56,3,57,107,10,41,106,54" hai2="88,27,58,76,68,78,44,110,84,91,113,109,31" hai3="62,12,73,121,2,5,0,97,4,64,108,7,81"/><V22/><F68/><W133/><G121/><T6/><D132/><U67/><E95/><V70/><F70/><W92/><G108/><N who="2" m="41577" /><F113/><W74/><G133/><T19/><D131/><U14/><E3/><V125/><F125/><W45/><G12/><T63/><D124/><U51/><E20/><V129/><F129/><W28/><G28/><T26/><D6/><U18/><E67/><V120/><F120/><W75/><G81/><T25/><D33/><U104/><E135/><V9/><F9/><W101/><REACH who="3" step="1"/><G45/><REACH who="3" step="2"/><T59/><D42/><U71/><E41/><V8/><F44/><W52/><G52/><N who="0" m="34279" /><D19/><U123/><E123/><V1/><F58/><AGARI ba="0,1" hai="0,2,4,5,7,58,62,64,73,74,75,92,97,101" machi="58" ten="50,1600,0" yaku="1,1,53,0" doraHai="43" doraHaiUra="77" who="3" fromWho="2" sc="170,0,340,0,198,-16,282,26" /><INIT seed="3,0,0,3,1,133" ten="170,340,182,308" oya="3" hai0="80,17,87,40,62,77,48,75,25,131,85,49,67" hai1="70,106,27,29,104,97,115,39,50,116,102,41,91" hai2="54,10,109,93,22,2,95,61,117,120,14,42,43" hai3="9,110,134,7,111,124,21,122,55,16,84,74,24"/><W71/><G122/><T69/><D131/><U36/><E91/><V125/><F117/><W28/><G124/><T112/><D112/><U4/><E50/><V15/><F2/><N who="3" m="247" /><G74/><T37/><D37/><U107/><E115/><V81/><F120/><W38/><G38/><N who="1" m="14378" /><E41/><V31/><F125/><W128/><G128/><T92/><D92/><U90/><E90/><V94/><F81/><W118/><G71/><T68/><D68/><U98/><E4/><V119/><F119/><W57/><G84/><T20/><D49/><U5/><E5/><V56/><F109/><N who="3" m="41483" /><G134/><T32/><D85/><U99/><E116/><V35/><F35/><W96/><G96/><T1/><D32/><N who="1" m="20543" /><E99/><V64/><F10/><W26/><G118/><T86/><D86/><U34/><E98/><V44/><F54/><W132/><G132/><T100/><D87/><U89/><E89/><V52/><F64/><W83/><G83/><T23/><D67/><U58/><E58/><V126/><F126/><W135/><G135/><T79/><D80/><U78/><E78/><V12/><REACH who="2" step="1"/><F44/><REACH who="2" step="2"/><W82/><G82/><T63/><D79/><U88/><E34/><V66/><F66/><W113/><G113/><T105/><D77/><U129/><E88/><V11/><F11/><W51/><G28/><T108/><D108/><U121/><E121/><V47/><F47/><W19/><G26/><AGARI ba="0,1" hai="12,14,15,22,26,31,42,43,52,56,61,93,94,95" machi="26" ten="40,5200,0" yaku="1,1,8,1,54,1,53,0" doraHai="133" doraHaiUra="3" who="2" fromWho="3" sc="170,0,340,0,172,62,308,-52" /><INIT seed="4,0,0,3,1,42" ten="170,340,234,256" oya="0" hai0="105,49,101,21,89,121,75,1,93,55,59,71,12" hai1="81,3,130,64,129,29,58,39,63,48,23,25,68" hai2="34,53,7,52,109,88,47,11,43,98,2,108,117" hai3="125,127,62,14,97,77,46,51,114,126,19,123,44"/><T133/><D1/><U119/><E119/><V27/><F117/><W118/><G123/><T104/><D121/><U92/><E3/><V57/><F34/><W74/><G118/><T35/><D35/><U13/><E39/><V80/><F27/><W8/><G114/><T122/><D122/><U65/><E81/><V90/><F90/><W54/><G62/><T132/><D71/><U91/><E13/><V96/><F96/><W56/><G97/><T37/><D75/><U79/><E79/><V28/><F28/><W94/><G94/><T67/><D67/><U128/><E48/><V15/><F2/><W106/><REACH who="3" step="1"/><G106/><REACH who="3" step="2"/><T36/><D36/><U18/><E65/><V73/><F108/><W134/><G134/><N who="0" m="51819" /><D37/><U135/><E135/><V111/><F111/><W86/><G86/><N who="0" m="52407" /><D101/><U84/><REACH who="1" step="1"/><E68/><REACH who="1" step="2"/><V116/><F116/><W45/><G45/><T33/><D33/><U6/><E6/><V113/><F109/><W22/><G22/><T112/><D112/><U72/><E72/><V102/><F113/><W66/><G66/><T100/><D100/><U10/><E10/><V20/><F73/><W103/><G103/><T31/><D31/><AGARI ba="0,2" hai="18,23,25,29,31,58,63,64,84,91,92,128,129,130" machi="31" ten="40,5200,0" yaku="1,1,19,1,53,1" doraHai="42" doraHaiUra="83" who="1" fromWho="0" sc="170,-52,330,72,234,0,246,0" /><INIT seed="5,0,0,2,4,67" ten="118,402,234,246" oya="1" hai0="134,20,70,28,34,5,127,123,9,129,95,81,40" hai1="26,7,47,74,99,79,57,51,0,110,27,96,44" hai2="97,109,75,55,68,13,21,48,78,22,63,121,37" hai3="50,24,106,122,114,91,104,38,128,118,23,126,36"/><U130/><E0/><V41/><F109/><W45/><G122/><T90/><D123/><U33/><E74/><V86/><F121/><W19/><G114/><T85/><D129/><U76/><E33/><V17/><F75/><W10/><G118/><T15/><D134/><U66/><E7/><V56/><F97/><N who="1" m="37449" /><E130/><V6/><F6/><W11/><G128/><T135/><D135/><U100/><E100/><V131/><F131/><W133/><G133/><T94/><D127/><U32/><E32/><V88/><F78/><N who="1" m="29737" /><E110/><V69/><F37/><W1/><G126/><T87/><D34/><U119/><E119/><V29/><F41/><W60/><G91/><T46/><D70/><U84/><E84/><V103/><F103/><W25/><G60/><T132/><D132/><U92/><E92/><N who="2" m="54295" /><F63/><W117/><G117/><T82/><D20/><U83/><E83/><V62/><F62/><W124/><G124/><T89/><REACH who="0" step="1"/><D28/><REACH who="0" step="2"/><U43/><E27/><AGARI ba="0,1" hai="13,17,21,22,27,29,48,55,56,68,69" m="54295" machi="27" ten="30,7700,0" yaku="25,1,52,2,54,1" doraHai="67" who="2" fromWho="1" sc="108,0,402,-77,234,87,246,0" /><INIT seed="6,0,0,4,1,54" ten="108,325,321,246" oya="2" hai0="48,74,115,26,116,44,91,121,106,21,62,59,97" hai1="66,117,0,38,57,77,29,86,37,34,108,81,25" hai2="119,53,70,47,75,52,20,129,105,40,128,56,120" hai3="79,23,95,64,10,42,122,89,71,69,28,63,27"/><V13/><F119/><W101/><G122/><T109/><D109/><U112/><E108/><V133/><F120/><W98/><G79/><T84/><D121/><U5/><E117/><V78/><F105/><W73/><G73/><T9/><D116/><U45/><E112/><V92/><F70/><W36/><G36/><T16/><D115/><U31/><E31/><V68/><F68/><W87/><G42/><T103/><D74/><U49/><E0/><V43/><F133/><W88/><G10/><T17/><D9/><U124/><E5/><V134/><F134/><W132/><G132/><T100/><D17/><U11/><E11/><V4/><F78/><W96/><G89/><T15/><D100/><U82/><E124/><V104/><F104/><W113/><G98/><T123/><D123/><U1/><E1/><V35/><F35/><W99/><G99/><T50/><D44/><U125/><E125/><V7/><F75/><W18/><G113/><T114/><D15/><U107/><E107/><V126/><F92/><W67/><G67/><T39/><D39/><U6/><E6/><N who="2" m="2091" /><F126/><W30/><REACH who="3" step="1"/><G71/><REACH who="3" step="2"/><T72/><D72/><U135/><E135/><V80/><F43/><W65/><G65/><T2/><D114/><U8/><E8/><V12/><F53/><W131/><G131/><T102/><D2/><U58/><E66/><V85/><F129/><W90/><G90/><T19/><D103/><U3/><E3/><V83/><F128/><W55/><G55/><N who="0" m="34175" /><D19/><U24/><E38/><V22/><F40/><W61/><G61/><T130/><D130/><U33/><E37/><RYUUKYOKU ba="0,1" sc="108,15,325,-15,321,-15,236,15" hai0="16,21,26,48,50,84,91,97,102,106" hai3="18,23,27,28,30,63,64,69,87,88,95,96,101" /><INIT seed="7,1,1,0,4,130" ten="123,310,306,251" oya="3" hai0="69,60,39,122,112,131,85,31,105,22,94,59,111" hai1="128,51,80,19,96,63,37,9,98,119,115,124,76" hai2="95,77,45,4,12,56,73,8,21,65,49,7,14" hai3="52,55,93,134,84,89,67,29,5,103,64,6,30"/><W10/><G134/><T42/><D105/><U68/><E37/><V75/><F77/><W108/><G108/><T97/><D69/><U25/><E128/><V26/><F75/><W117/><G117/><T20/><D131/><U62/><E119/><V36/><F73/><W120/><G120/><T109/><D122/><U83/><E115/><V70/><F36/><W104/><G104/><T48/><D112/><U127/><E51/><V71/><F71/><W41/><G103/><T74/><D74/><U100/><E9/><N who="2" m="4135" /><F95/><W16/><G41/><T135/><D39/><U110/><E110/><V47/><F70/><W18/><G10/><T40/><D85/><N who="1" m="48263" /><E68/><V87/><F87/><W88/><G84/><T72/><D72/><U34/><E83/><V125/><F125/><N who="1" m="48201" /><E98/><V79/><F79/><W61/><G93/><T99/><D99/><U58/><E58/><V107/><F107/><W2/><G2/><T46/><D40/><U114/><E114/><V50/><F49/><W11/><G11/><T17/><D22/><N who="1" m="13535" /><E34/><V0/><F0/><W44/><G44/><T15/><D15/><U33/><E33/><V91/><F91/><W102/><G102/><T38/><D38/><U101/><E101/><V32/><F32/><W66/><G66/><T28/><D28/><U54/><E54/><N who="2" m="31831" /><F65/><W116/><G116/><T23/><D23/><U133/><E133/><V121/><F121/><W132/><G132/><T126/><D135/><U118/><E118/><V123/><F123/><W35/><G35/><T1/><D126/><U3/><E3/><V43/><F43/><W81/><G81/><RYUUKYOKU ba="1,1" sc="123,-30,310,10,306,10,251,10" hai1="62,63,96,100" hai2="7,8,14,21,26,45,47" hai3="5,6,16,18,29,30,52,55,61,64,67,88,89" /><INIT seed="7,2,1,1,2,24" ten="93,320,316,261" oya="3" hai0="57,125,10,121,65,134,59,28,119,103,99,6,36" hai1="107,118,54,105,128,13,37,85,81,1,131,113,30" hai2="42,46,67,8,20,52,63,129,133,3,135,88,97" hai3="38,83,35,16,19,62,90,108,122,78,82,87,56"/><W64/><G122/><T49/><D121/><U120/><E1/><V94/><F52/><W74/><G108/><T84/><D119/><U109/><E120/><V130/><F20/><W123/><G123/><T17/><D36/><U44/><E109/><V77/><F77/><W102/><G38/><T124/><D134/><N who="2" m="51210" /><F8/><W115/><G115/><T48/><D17/><U18/><E30/><V2/><F2/><W66/><G35/><T40/><D84/><U98/><E113/><V71/><F3/><W45/><G66/><T91/><D91/><N who="1" m="51631" /><E118/><V104/><F104/><N who="1" m="40009" /><E98/><V132/><F132/><W58/><G102/><T41/><D124/><U11/><E37/><AGARI ba="2,1" hai="37,42,46,63,67,71,88,94,97,129,130" m="51210" machi="37" ten="30,2000,0" yaku="20,1,54,1" doraHai="24" who="2" fromWho="1" sc="93,0,320,-26,316,36,261,0" owari="93,-41,294,9,352,46,261,-14" /></mjloggm>