<mjloggm ver="2.3"><GO type="225"/><UN n0="%61%62%61%6E%74%65%73" n1="%E3%81%B3%E3%82%8A%E3%81%B3%E3%82%8A%E2%98%86%E3%83%93%E3%83%AA%E3%83%BC" n2="%E2%98%86%E4%BA%8C%E9%9A%8E%E5%A0%82%E2%98%86%E5%AB%81%E2%98%86" n3="%E6%9C%AC%E7%89%A9%E5%A5%B3%E5%AD%90%E9%AB%98%E7%94%9F" dan="16,16,16,17" rate="2075,2172,2039,2096" sx="M,M,F,F"/><TAIKYOKU oya="0"/><INIT seed="0,0,0,2,4,25" ten="250,250,250,250" oya="0" hai0="117,0,64,52,77,32,79,108,41,91,2,11,8" hai1="5,72,65,43,37,131,20,101,16,120,89,75,122" hai2="105,135,53,84,30,63,58,39,45,113,56,49,7" hai3="107,121,103,27,35,112,130,15,33,71,66,96,68"/><T55/><D64/><U59/><E5/><V42/><F113/><W12/><G112/><T88/><D41/><U118/><E118/><V69/><F135/><W123/><G130/><T62/><D62/><U23/><E131/><V109/><F109/><W128/><G128/><T21/><D21/><U100/><E43/><V82/><F105/><W87/><G87/><T28/><D117/><U40/><E40/><V26/><F7/><W36/><G36/><T17/><D108/><U54/><E65/><N who="2" m="41151" /><F56/><W126/><G126/><T70/><D70/><N who="3" m="26665" /><G66/><T31/><REACH who="0" step="1"/><D17/><REACH who="0" step="2"/><U18/><E37/><V127/><F127/><W29/><G35/><AGARI ba="0,1" hai="0,2,8,11,28,31,32,35,52,55,77,79,88,91" machi="35" ten="25,24000,3" yaku="1,1,2,1,22,2,52,2,54,2,53,2" doraHai="25" doraHaiUra="24" who="0" fromWho="3" sc="240,250,250,0,250,0,250,-240" /><INIT seed="0,1,0,3,5,15" ten="490,250,250,10" oya="0" hai0="2,61,6,19,123,101,94,99,45,82,57,17,106" hai1="33,118,26,135,14,70,122,23,75,16,62,120,25" hai2="63,76,72,54,27,5,52,115,13,130,41,18,48" hai3="89,119,46,98,40,32,37,42,104,73,34,92,31"/><T100/><D123/><N who="1" m="47147" /><E75/><V121/><F115/><W111/><G119/><T64/><D2/><U44/><E44/><N who="2" m="25615" /><F121/><W51/><G40/><T24/><D6/><U47/><E47/><V1/><F1/><W56/><G111/><T109/><D109/><U83/><E83/><V38/><F38/><W49/><G73/><T20/><D82/><U110/><E70/><V132/><F72/><W133/><G133/><T69/><D69/><U95/><E110/><V117/><F132/><W29/><G104/><T36/><D106/><U114/><E118/><V0/><F0/><W86/><G86/><T90/><D36/><U87/><E33/><V103/><F117/><W74/><G74/><T3/><D45/><U53/><E135/><V112/><F112/><W134/><G134/><T107/><D3/><U68/><E68/><V97/><F76/><W113/><G113/><T79/><D79/><U96/><E114/><V9/><F63/><W39/><G39/><T7/><D7/><U58/><E87/><V55/><F130/><W10/><G10/><T84/><REACH who="0" step="1"/><D101/><REACH who="0" step="2"/><U8/><E95/><N who="2" m="58815" /><F27/><W35/><REACH who="3" step="1"/><G37/><REACH who="3" step="2"/><T67/><D67/><U59/><E26/><V78/><F78/><W12/><G12/><T43/><D43/><U88/><E25/><V80/><F80/><W71/><G71/><T131/><D131/><U102/><E14/><N who="2" m="5423" /><F55/><AGARI ba="1,2" hai="29,31,32,34,35,42,46,49,51,55,56,89,92,98" machi="55" ten="40,2600,0" yaku="1,1,53,1" doraHai="15" doraHaiUra="91" who="3" fromWho="2" sc="480,0,250,0,250,-29,0,49" /><INIT seed="1,0,0,4,1,71" ten="480,250,221,49" oya="1" hai0="119,115,105,35,131,114,61,89,123,44,107,108,126" hai1="0,103,109,117,47,9,4,124,27,120,21,87,128" hai2="1,19,79,125,38,83,81,50,132,37,64,62,57" hai3="7,34,101,65,11,24,59,25,92,67,100,43,121"/><U26/><E117/><V102/><F1/><W49/><G121/><T23/><D35/><U93/><E120/><V133/><F125/><W76/><G34/><T51/><D123/><U122/><E122/><V96/><F50/><W68/><G68/><T110/><D119/><U22/><E124/><V30/><F30/><W28/><G28/><T86/><D126/><U130/><E47/><V134/><F19/><W112/><G112/><T12/><D61/><U8/><E103/><V39/><F79/><W54/><G43/><T72/><D72/><U99/><E99/><V74/><F74/><W10/><G76/><T6/><D131/><N who="1" m="50219" /><E109/><N who="0" m="42089" /><D107/><AGARI ba="0,0" hai="37,38,39,57,62,64,81,83,96,102,107,132,133,134" machi="107" ten="50,8000,1" yaku="20,1,52,3" doraHai="71" who="2" fromWho="0" sc="480,-80,250,0,221,80,49,0" /><INIT seed="2,0,0,4,5,52" ten="400,250,301,49" oya="2" hai0="119,27,96,103,69,33,112,21,93,34,77,131,84" hai1="1,36,4,89,16,99,20,45,51,75,55,2,43" hai2="78,56,102,5,113,32,135,95,41,91,25,127,31" hai3="111,121,92,129,18,71,35,0,50,123,94,108,17"/><V104/><F113/><W8/><G71/><T114/><D69/><U98/><E75/><V72/><F135/><W40/><G40/><T44/><D131/><U81/><E99/><N who="2" m="61535" /><F127/><W61/><G61/><T66/><D66/><U64/><E64/><V19/><F41/><W23/><G50/><T65/><D65/><U7/><E2/><V128/><F5/><N who="3" m="1063" /><G94/><T9/><D44/><U125/><E125/><V14/><F128/><W115/><G92/><T87/><D119/><U13/><E1/><V22/><F56/><W58/><G58/><T54/><D112/><U38/><E98/><V134/><F134/><W70/><G70/><T48/><D114/><U59/><REACH who="1" step="1"/><E36/><REACH who="1" step="2"/><V110/><F72/><W116/><G115/><T122/><D96/><U100/><E100/><V30/><F110/><N who="3" m="42027" /><G129/><T49/><D103/><U120/><E120/><N who="3" m="46154" /><G116/><T132/><D122/><U133/><E133/><V53/><F53/><W117/><G117/><T79/><D132/><U109/><E109/><V47/><F78/><W88/><G88/><T90/><D90/><U126/><E126/><V63/><F91/><W107/><G107/><T82/><D54/><U3/><E3/><V97/><F97/><W10/><G10/><T118/><D9/><U29/><E29/><V106/><F31/><W28/><G35/><T101/><D118/><U124/><E124/><V42/><F106/><W76/><G76/><T6/><D101/><U11/><E11/><V62/><F95/><W73/><G73/><T83/><D93/><U26/><E26/><AGARI ba="0,1" hai="17,18,23,26,28" m="46154,42027,1063" machi="26" ten="30,3900,0" yaku="14,1,34,2" doraHai="52" who="3" fromWho="1" sc="400,0,240,-39,301,0,49,49" /><INIT seed="3,0,0,5,0,124" ten="400,201,301,98" oya="3" hai0="82,16,125,67,113,116,11,100,103,0,99,77,58" hai1="59,63,4,27,21,9,83,102,105,80,89,60,96" hai2="93,118,120,39,122,29,132,45,2,12,90,109,134" hai3="101,36,78,84,24,76,112,68,69,37,88,57,121"/><W65/><G121/><N who="2" m="46697" /><F2/><W74/><G112/><T20/><D116/><U44/><E44/><V51/><F39/><W6/><G101/><T131/><D67/><U126/><E126/><V34/><F118/><W61/><G6/><T85/><D125/><U79/><E89/><V10/><F34/><W110/><G110/><T75/><D58/><U32/><E32/><V50/><F29/><W1/><G1/><T98/><D75/><U64/><E63/><V86/><F109/><W72/><G24/><T111/><D111/><U119/><E79/><V52/><F51/><W106/><G106/><T31/><D0/><U133/><E133/><V46/><F46/><W56/><G61/><T55/><D77/><U17/><E119/><V38/><F38/><W73/><G73/><T135/><D31/><U5/><E5/><AGARI ba="0,0" hai="5,10,12,45,50,52,86,90,93,132,134" m="46697" machi="5" ten="30,2000,0" yaku="13,1,54,1" doraHai="124" who="2" fromWho="1" sc="400,0,201,-20,301,20,98,0" owari="400,50,181,-22,321,12,98,-40" /></mjloggm>