<mjloggm ver="2.3"><GO type="225"/><UN n0="%E3%83%9C%E3%83%84" n1="%E7%9C%9F%E9%BE%8D%E2%80%A6" n2="%E9%87%98%E5%AE%AE%E7%97%85%E6%82%A3%E8%80%85" n3="%E3%81%B3%E3%82%8A%E3%81%B3%E3%82%8A%E2%98%86%E3%83%93%E3%83%AA%E3%83%BC" dan="16,17,17,16" rate="2043,2132,2142,2143" sx="M,F,M,M"/><TAIKYOKU oya="0"/><INIT seed="0,0,0,3,2,50" ten="250,250,250,250" oya="0" hai0="55,77,126,6,89,83,47,2,35,133,91,64,66" hai1="40,82,80,9,39,36,52,44,94,102,93,12,130" hai2="38,114,37,62,0,43,13,128,65,18,88,120,106" hai3="26,74,131,134,117,4,54,63,5,69,68,100,76"/><T129/><D35/><U41/><E130/><V30/><F120/><W60/><G117/><T10/><D129/><U108/><E108/><V99/><F114/><W24/><G131/><T22/><D126/><U53/><E102/><V122/><F122/><W21/><G100/><T104/><D104/><U105/><E105/><V1/><F30/><W75/><G21/><T90/><D133/><U20/><E20/><V7/><F128/><W34/><G76/><T28/><D22/><U113/><E113/><V31/><F31/><W57/><G57/><T81/><D28/><U121/><E121/><V92/><F106/><W101/><G101/><T110/><D110/><U42/><E44/><V46/><F7/><W15/><G15/><T115/><D115/><U124/><E124/><V78/><F37/><W27/><G27/><T98/><D98/><U49/><E49/><V109/><F78/><W118/><G118/><T86/><REACH who="0" step="1"/><D83/><REACH who="0" step="2"/><N who="1" m="31787" /><E39/><V48/><F109/><W11/><G134/><T58/><D58/><U103/><E36/><V107/><F38/><W127/><G127/><T72/><D72/><U96/><E94/><V8/><F107/><W61/><G34/><T67/><D67/><U135/><E135/><V84/><F99/><W116/><G116/><T132/><D132/><U79/><E79/><V14/><REACH who="2" step="1"/><F13/><REACH who="2" step="2"/><W33/><G33/><T23/><D23/><U19/><AGARI ba="0,2" hai="9,12,19,40,41,42,52,53,93,96,103" m="31787" machi="19" ten="30,7900,0" yaku="8,1,52,2,54,1" doraHai="50" who="1" fromWho="1" sc="240,-39,250,99,240,-20,250,-20" /><INIT seed="1,0,0,3,4,29" ten="201,349,220,230" oya="1" hai0="18,86,43,51,106,121,123,4,14,50,44,110,58" hai1="83,122,117,8,75,56,3,96,1,66,60,45,17" hai2="11,57,81,90,9,101,53,133,77,65,32,132,113" hai3="85,76,26,74,38,109,114,27,124,25,48,33,61"/><U131/><E117/><V55/><F101/><W68/><G109/><T39/><D106/><U10/><E122/><N who="0" m="46601" /><D4/><U127/><E127/><V72/><F113/><W118/><G74/><T0/><D0/><U62/><E131/><V16/><F32/><W52/><G38/><T79/><D110/><U28/><E96/><V82/><F65/><W107/><G107/><T126/><D126/><U111/><E111/><V12/><F9/><W129/><G124/><T135/><D135/><N who="2" m="51786" /><F57/><W24/><G129/><T63/><D86/><AGARI ba="0,0" hai="11,12,16,53,55,72,77,81,82,86,90" m="51786" machi="86" ten="30,2000,0" yaku="20,1,54,1" doraHai="29" who="2" fromWho="0" sc="201,-20,349,0,220,20,230,0" /><INIT seed="2,0,0,0,1,77" ten="181,349,240,230" oya="2" hai0="32,124,20,108,76,114,56,16,91,25,41,79,39" hai1="40,90,63,130,51,0,28,131,133,134,111,109,21" hai2="37,60,57,95,120,104,80,88,87,38,93,55,78" hai3="12,103,119,123,48,59,46,96,105,106,7,24,50"/><V15/><F104/><W36/><G119/><T74/><D114/><U13/><E63/><V33/><F120/><W2/><G2/><T83/><D124/><U67/><E67/><V85/><F33/><W113/><G123/><T42/><D108/><N who="1" m="41547" /><E0/><V97/><REACH who="2" step="1"/><F15/><REACH who="2" step="2"/><W132/><G12/><T27/><D39/><U47/><E13/><V110/><F110/><W101/><G36/><T49/><D76/><U29/><E21/><V31/><F31/><N who="1" m="11849" /><E90/><AGARI ba="0,1" hai="37,38,55,57,60,78,80,85,87,88,90,93,95,97" machi="90" ten="30,11600,0" yaku="1,1,7,1,52,1,54,1,53,0" doraHai="77" doraHaiUra="11" who="2" fromWho="1" sc="181,0,349,-116,230,126,230,0" /><INIT seed="2,1,0,0,3,88" ten="181,233,356,230" oya="2" hai0="27,43,47,7,36,44,46,84,99,96,41,118,121" hai1="110,112,111,2,94,124,131,89,16,114,79,29,71" hai2="67,38,134,66,53,40,52,132,95,135,78,54,11" hai3="85,100,93,1,4,83,22,104,14,48,3,81,127"/><V77/><F11/><W5/><G104/><T19/><D121/><U35/><E71/><V62/><F95/><W76/><G127/><T123/><D123/><U64/><E2/><V58/><F67/><W98/><G3/><T9/><D118/><U90/><E64/><V92/><F92/><W37/><G37/><T102/><D84/><U26/><E79/><V18/><F18/><N who="3" m="10583" /><G1/><T23/><D46/><AGARI ba="1,0" hai="38,40,46,52,53,54,58,62,66,77,78,132,134,135" machi="46" ten="50,4800,0" yaku="20,1,54,1" doraHai="88" who="2" fromWho="0" sc="181,-51,233,0,356,51,230,0" /><INIT seed="2,2,0,4,5,119" ten="130,233,407,230" oya="2" hai0="100,44,65,85,104,91,124,125,67,54,30,12,40" hai1="92,133,56,116,42,1,74,90,33,72,88,81,130" hai2="6,21,82,2,132,20,23,62,76,47,48,69,68" hai3="135,98,86,128,36,114,107,25,26,57,43,15,53"/><V32/><F32/><W41/><G114/><T34/><D54/><U103/><E1/><V37/><F37/><W87/><G128/><T70/><D100/><U61/><E33/><V4/><F132/><W111/><G135/><T83/><D104/><U102/><E133/><V93/><F93/><W121/><G107/><T29/><D12/><U51/><E116/><V35/><F35/><W95/><G111/><T3/><D3/><U7/><E7/><V66/><F68/><W134/><G134/><T122/><D70/><U131/><E81/><V108/><F108/><W75/><G121/><T97/><D97/><U58/><E58/><V105/><F105/><W59/><G75/><T99/><D99/><U71/><E71/><V110/><F2/><W80/><G36/><T22/><D34/><U27/><E27/><N who="3" m="10250" /><G15/><T64/><D22/><U118/><E118/><V52/><REACH who="2" step="1"/><F110/><REACH who="2" step="2"/><W113/><G95/><T101/><D122/><U45/><E92/><V18/><F18/><W38/><G38/><N who="0" m="21527" /><D101/><U31/><E103/><V112/><F112/><W78/><G113/><T79/><D79/><U94/><E102/><V73/><AGARI ba="2,1" hai="4,6,20,21,23,47,48,52,62,66,69,73,76,82" machi="73" ten="30,6000,0" yaku="1,1,0,1,54,1,53,0" doraHai="119" doraHaiUra="84" who="2" fromWho="2" sc="130,-22,233,-22,397,76,230,-22" /><INIT seed="2,3,0,2,4,84" ten="108,211,473,208" oya="2" hai0="52,9,132,23,105,80,103,6,17,76,121,93,125" hai1="51,69,54,102,56,55,33,34,24,58,124,32,31" hai2="126,95,49,74,135,41,72,107,96,14,73,133,18" hai3="86,114,113,61,43,45,70,59,118,7,119,134,29"/><V16/><F107/><W68/><G29/><T65/><D121/><U129/><E124/><V30/><F30/><W83/><G7/><T46/><D125/><U48/><E129/><V89/><F126/><W117/><G134/><N who="2" m="51209" /><F14/><W44/><G86/><T78/><D65/><U88/><E69/><N who="3" m="26730" /><G83/><T120/><D105/><U2/><E102/><V25/><F25/><W112/><G43/><T50/><D132/><U57/><E2/><V67/><F67/><AGARI ba="3,0" hai="44,45,59,61,67,112,113,114,117,118,119" m="26730" machi="67" ten="40,5200,0" yaku="11,1,34,2" doraHai="84" who="3" fromWho="2" sc="108,0,211,0,473,-61,208,61" /><INIT seed="3,0,0,2,0,68" ten="108,211,412,269" oya="3" hai0="109,112,125,102,77,118,72,131,52,61,84,14,108" hai1="85,28,67,57,130,36,83,20,17,75,5,82,33" hai2="3,78,50,18,24,26,6,55,88,101,126,22,56" hai3="114,63,117,48,4,15,40,34,110,111,32,119,122"/><W99/><G122/><T47/><D118/><N who="3" m="45065" /><G114/><T116/><D116/><U128/><E5/><V129/><F101/><W43/><G99/><T107/><D112/><U86/><E33/><V13/><F78/><W46/><G4/><T11/><D72/><U9/><E28/><V53/><F129/><N who="1" m="49769" /><E9/><V12/><F3/><W134/><G15/><T95/><D107/><U62/><E75/><V0/><F0/><W127/><G34/><T124/><D131/><U38/><E85/><V135/><F6/><W66/><G32/><T64/><D102/><U19/><E83/><V39/><F13/><W37/><G127/><T133/><D133/><U123/><E123/><V7/><F7/><W69/><G134/><T103/><D103/><U70/><E70/><V90/><F126/><W2/><G2/><T79/><D124/><U92/><E92/><V54/><F135/><W25/><G25/><N who="2" m="9833" /><F39/><N who="1" m="14889" /><E20/><V42/><F56/><W29/><G29/><T65/><D125/><U96/><E96/><V89/><F89/><AGARI ba="0,0" hai="17,19,57,62,67,82,86,89" m="14889,49769" machi="89" ten="30,7700,0" yaku="19,1,52,3" doraHai="68" who="1" fromWho="2" sc="108,0,211,77,412,-77,269,0" owari="108,-39,288,9,335,43,269,-13" /></mjloggm>