<mjloggm ver="2.3"><GO type="225"/><UN n0="%E3%83%9A%E3%83%81%E3%83%A7%E3%83%BC%E3%83%AA%E3%83%B3" n1="%74%6F%62%69%75%6F%34%37" n2="%E7%AE%A1%E5%AF%9D" n3="%E3%83%95%E3%83%AD%E3%83%95%E3%83%AC" dan="17,16,16,16" rate="2106,2012,2109,2062" sx="M,M,M,M"/><TAIKYOKU oya="0"/><INIT seed="0,0,0,4,1,117" ten="250,250,250,250" oya="0" hai0="119,21,51,78,68,70,109,13,8,35,28,129,83" hai1="48,32,130,80,49,92,45,64,79,104,101,60,97" hai2="86,69,112,121,31,110,56,115,81,87,9,95,91" hai3="63,131,71,47,125,22,16,116,11,59,19,134,42"/><T107/><D119/><U40/><E130/><V7/><F69/><W54/><G116/><T34/><D107/><U124/><E124/><V122/><F31/><W41/><G131/><T96/><D129/><U126/><E126/><V14/><F110/><W61/><G125/><T133/><D96/><U108/><E32/><V85/><F56/><W0/><G134/><T37/><D37/><U46/><E108/><V114/><REACH who="2" step="1"/><F86/><REACH who="2" step="2"/><W10/><G71/><T17/><D109/><U73/><E46/><V24/><F24/><W90/><G47/><T88/><D70/><U132/><E132/><V94/><F94/><W127/><G59/><T12/><D68/><U67/><E92/><V65/><F65/><W105/><G127/><T27/><D133/><U18/><E67/><V29/><F29/><W33/><G105/><T135/><D135/><U53/><E64/><V26/><F26/><W57/><G57/><T98/><D28/><U50/><E60/><V106/><F106/><W76/><G61/><T93/><D27/><U58/><REACH who="1" step="1"/><E18/><REACH who="1" step="2"/><V103/><F103/><W111/><G63/><T123/><D17/><U99/><E99/><V1/><F1/><W2/><G16/><T3/><D98/><U43/><E43/><V89/><AGARI ba="0,2" hai="7,9,14,81,85,87,89,91,95,112,114,115,121,122" machi="89" ten="40,8000,1" yaku="1,1,0,1,52,2,53,0" doraHai="117" doraHaiUra="74" who="2" fromWho="2" sc="250,-40,240,-20,240,100,250,-20" /><INIT seed="1,0,0,2,3,100" ten="210,220,340,230" oya="1" hai0="119,5,40,79,27,46,13,72,129,80,87,83,124" hai1="118,49,73,35,108,114,77,112,76,121,48,74,94" hai2="84,11,41,93,131,36,113,60,22,75,70,37,59" hai3="82,107,29,120,106,47,65,97,69,99,92,85,66"/><U61/><E121/><V3/><F75/><W56/><G120/><T81/><D119/><U86/><E118/><V58/><F22/><W132/><G132/><T130/><D124/><U122/><E122/><V71/><F3/><W9/><G69/><N who="2" m="26121" /><F11/><W33/><G99/><T8/><D27/><U117/><E117/><V96/><F84/><W67/><G56/><N who="2" m="21545" /><F93/><W88/><G47/><T19/><D19/><U57/><E35/><V111/><F96/><W44/><G44/><T89/><REACH who="0" step="1"/><D81/><REACH who="0" step="2"/><U90/><E112/><V20/><F113/><W2/><G82/><T123/><D123/><U63/><E114/><V110/><F110/><W30/><G33/><T101/><D101/><U53/><E108/><V105/><F111/><W127/><G127/><T51/><AGARI ba="0,1" hai="5,8,13,40,46,51,72,79,80,83,87,89,129,130" machi="51" ten="30,2000,0" yaku="1,1,0,1,53,0" doraHai="100" doraHaiUra="32" who="0" fromWho="0" sc="200,30,220,-10,340,-5,230,-5" /><INIT seed="2,0,0,5,5,2" ten="230,210,335,225" oya="2" hai0="89,117,8,5,64,50,103,38,30,66,115,86,101" hai1="77,43,13,123,120,61,99,36,44,16,121,0,7" hai2="59,88,41,28,104,19,48,107,4,57,116,122,131" hai3="128,112,95,39,24,54,40,51,47,73,14,49,97"/><V85/><F122/><W105/><G105/><T33/><D38/><U18/><E99/><V12/><F116/><W46/><G128/><T74/><D74/><U96/><E96/><V34/><F104/><W23/><G112/><T127/><D115/><U94/><E94/><V55/><F107/><W102/><G73/><T83/><D127/><U92/><E92/><V68/><F68/><W84/><G84/><T37/><D37/><U25/><E77/><V3/><F131/><W82/><G82/><T6/><D117/><U42/><E42/><V29/><F41/><W60/><G14/><T106/><D30/><U109/><E109/><V130/><F130/><W90/><G60/><T125/><D33/><U100/><E100/><N who="0" m="38473" /><D106/><U58/><E25/><V32/><F32/><W133/><G133/><T111/><D125/><U22/><E18/><V87/><F87/><W72/><G72/><T80/><D111/><U56/><E61/><V135/><F135/><W65/><G65/><N who="0" m="25195" /><D8/><AGARI ba="0,0" hai="0,7,8,13,16,22,36,43,44,56,58,120,121,123" machi="8" ten="40,5200,0" yaku="13,1,52,1,54,1" doraHai="2" who="1" fromWho="0" sc="230,-52,210,52,335,0,225,0" /><INIT seed="3,0,0,5,3,18" ten="178,262,335,225" oya="3" hai0="7,115,67,99,32,11,79,103,105,33,5,28,31" hai1="88,108,27,128,24,81,100,96,119,39,49,73,47" hai2="77,36,104,113,23,93,42,15,74,58,21,124,125" hai3="112,52,45,90,38,53,120,111,50,62,1,3,102"/><W35/><G112/><T8/><D115/><U48/><E39/><V6/><F113/><W84/><G120/><T86/><D67/><U22/><E128/><V44/><F104/><W82/><G35/><T41/><D41/><U65/><E108/><V123/><F123/><W46/><G111/><T131/><D131/><U26/><E119/><V127/><F93/><W12/><G102/><T63/><D63/><U80/><E65/><V40/><F40/><W10/><G38/><T122/><D122/><U94/><E73/><V9/><F58/><W54/><G54/><T66/><D66/><U92/><E22/><N who="2" m="8203" /><F77/><W30/><G30/><T72/><D72/><AGARI ba="0,0" hai="6,9,15,36,42,44,72,74,124,125,127" m="8203" machi="72" ten="40,8000,1" yaku="18,1,52,3" doraHai="18" who="2" fromWho="0" sc="178,-80,262,0,335,80,225,0" owari="98,-40,262,6,415,51,225,-17" /></mjloggm>