<mjloggm ver="2.3"><GO type="225"/><UN n0="%E2%99%AA%E3%83%A2%E3%83%8E%E3%82%AF%E3%83%AD" n1="%E8%90%83%E9%A6%99%E3%81%AE%E3%82%8F%E3%81%8B%E3%82%81%E9%85%92" n2="%E4%B8%80%E6%9D%A1%E5%85%BC%E5%AE%9A%E2%99%AA" n3="%E9%9B%B2%E3%81%AE%E3%82%B8%E3%83%A5%E3%82%A6%E3%82%B6" dan="17,16,16,16" rate="2205,2086,2073,2098" sx="M,F,F,M"/><TAIKYOKU oya="0"/><INIT seed="0,0,0,3,1,24" ten="250,250,250,250" oya="0" hai0="49,50,79,33,36,134,95,46,55,74,75,115,37" hai1="48,21,86,111,135,98,76,82,57,8,132,39,30" hai2="113,108,14,15,67,29,124,87,103,44,122,78,107" hai3="19,51,102,118,126,116,106,59,90,62,47,93,9"/><T121/><D115/><U73/><E39/><V94/><F122/><W56/><G126/><T68/><D121/><U6/><E111/><V7/><F108/><W66/><G106/><T20/><D33/><U22/><E98/><V71/><F113/><W128/><G102/><T91/><D68/><U123/><E123/><V60/><F7/><W99/><G128/><T81/><D74/><U110/><E110/><V70/><F70/><W42/><G56/><T13/><D134/><N who="1" m="51243" /><E73/><V105/><F44/><W45/><G45/><T120/><D120/><U2/><E30/><V43/><F43/><W17/><REACH who="3" step="1"/><G9/><REACH who="3" step="2"/><T32/><D50/><U117/><E117/><AGARI ba="0,1" hai="17,19,42,47,51,59,62,66,90,93,99,116,117,118" machi="117" ten="40,5200,0" yaku="1,1,2,1,53,1" doraHai="24" doraHaiUra="85" who="3" fromWho="1" sc="250,0,250,-52,250,0,240,62" /><INIT seed="1,0,0,3,4,80" ten="250,198,250,302" oya="1" hai0="8,73,102,92,59,99,5,90,20,40,57,131,115" hai1="97,114,55,67,88,72,62,50,33,3,30,107,60" hai2="53,113,71,101,87,128,11,116,38,76,29,22,27" hai3="32,119,14,19,31,109,51,74,81,15,47,52,70"/><U25/><E114/><V26/><F116/><W95/><G119/><T4/><D115/><U118/><E118/><V110/><F113/><W17/><G70/><T93/><D73/><U6/><E72/><V125/><F125/><W108/><G32/><T104/><D104/><U127/><E127/><V133/><F133/><W96/><G31/><T63/><D131/><U129/><E129/><V48/><F38/><W117/><G117/><T89/><D40/><U23/><E6/><V77/><F71/><W111/><G81/><T43/><D43/><U54/><E3/><V94/><F128/><W44/><G44/><T126/><D126/><U24/><E62/><V46/><F110/><W82/><G82/><T34/><D34/><U0/><E0/><V135/><F135/><W10/><G74/><T64/><D102/><U134/><E134/><V49/><F11/><W69/><G69/><T105/><D105/><U120/><E120/><V78/><F26/><W35/><G35/><T65/><D20/><U45/><E55/><V41/><F101/><N who="3" m="60575" /><G14/><T84/><D8/><U124/><E124/><V85/><REACH who="2" step="1"/><F94/><REACH who="2" step="2"/><W66/><G111/><T61/><AGARI ba="0,1" hai="4,5,57,59,61,63,64,65,84,89,90,92,93,99" machi="61" ten="30,7900,0" yaku="0,1,9,1,8,1,52,1" doraHai="80" who="0" fromWho="0" sc="250,89,198,-39,240,-20,302,-20" /><INIT seed="2,0,0,3,0,19" ten="339,159,220,282" oya="2" hai0="22,61,60,102,50,23,43,45,82,88,0,44,123" hai1="34,72,53,33,26,134,15,129,42,130,126,109,41" hai2="3,65,96,99,18,37,51,131,133,113,20,85,95" hai3="2,101,112,79,62,63,24,81,47,52,55,105,27"/><V127/><F113/><W54/><G112/><T117/><D0/><U29/><E72/><V5/><F133/><W93/><G2/><T128/><D123/><U39/><E39/><V80/><F37/><W7/><G7/><T121/><D121/><U13/><E53/><V122/><F122/><W92/><G47/><N who="0" m="25983" /><D102/><U30/><E42/><V64/><F131/><N who="1" m="50185" /><E41/><V108/><F127/><W1/><G1/><T97/><D128/><U59/><E59/><V76/><F108/><W14/><G14/><N who="1" m="5130" /><E134/><V94/><F51/><W38/><G38/><T57/><D117/><U12/><N who="1" m="5138" /><U124/><DORA hai="8" /><E109/><V77/><F5/><W100/><G105/><T67/><D61/><N who="3" m="23049" /><G81/><T91/><D82/><U28/><E26/><N who="3" m="9770" /><G79/><T10/><D60/><U115/><E115/><V120/><F120/><W4/><G4/><T71/><D57/><U21/><E21/><V135/><F135/><W46/><G46/><T84/><D23/><U58/><E58/><V69/><F20/><W25/><G25/><T111/><D22/><U40/><E40/><V17/><F80/><W89/><G93/><N who="0" m="56487" /><D111/><U119/><E119/><V11/><F76/><W90/><G92/><T103/><D45/><U114/><E114/><V107/><F77/><W35/><G55/><T70/><D44/><U106/><E106/><V98/><F107/><W74/><G54/><T125/><D10/><U36/><E36/><V32/><F95/><W16/><G74/><T48/><D48/><U68/><E68/><V31/><F69/><W116/><G52/><T49/><D71/><U73/><E73/><V66/><F94/><RYUUKYOKU ba="0,0" sc="339,-10,159,30,220,-10,282,-10" hai1="28,29,30,33,34,124,126" /><INIT seed="3,1,0,0,0,104" ten="329,189,210,272" oya="3" hai0="33,110,103,28,16,64,117,85,86,42,5,2,27" hai1="70,89,98,31,93,23,115,1,87,14,36,59,132" hai2="108,80,20,72,52,109,82,32,95,4,19,102,77" hai3="106,116,61,79,24,34,15,84,96,75,135,124,131"/><W29/><G116/><T125/><D117/><U26/><E115/><V66/><F32/><W35/><G35/><T90/><D110/><N who="2" m="42602" /><F66/><W76/><G135/><T83/><D125/><U68/><E1/><V60/><F4/><W38/><G38/><T97/><D64/><U101/><E132/><V56/><F82/><W62/><G124/><T88/><D42/><U129/><E129/><V50/><F60/><W120/><G131/><T58/><D58/><U40/><E36/><V41/><F41/><W121/><G79/><T44/><D44/><U21/><E40/><V69/><F69/><W81/><G84/><T133/><D133/><U63/><E14/><N who="2" m="9335" /><F95/><W37/><G37/><T46/><D46/><U57/><E57/><V11/><F11/><W94/><G106/><T78/><D5/><U53/><REACH who="1" step="1"/><E23/><REACH who="1" step="2"/><V48/><F48/><W134/><G134/><T55/><D2/><U119/><E119/><V49/><F49/><W47/><G15/><T0/><D0/><U45/><E45/><V118/><F118/><W107/><G47/><T127/><D127/><U9/><E9/><V39/><F39/><W128/><G128/><T30/><D33/><U67/><E67/><V92/><F92/><AGARI ba="1,1" hai="21,26,31,53,59,63,68,70,87,89,92,93,98,101" machi="92" ten="30,2000,0" yaku="1,1,7,1,53,0" doraHai="104" doraHaiUra="105" who="1" fromWho="2" sc="329,0,179,33,210,-23,272,0" owari="329,33,212,-14,187,-21,272,2" /></mjloggm>