<mjloggm ver="2.3"><GO type="169"/><UN n0="%E9%9B%80%E5%A8%98%E2%98%86%E3%82%86%E3%81%8D" n1="%E3%82%A2%E3%83%AB%E3%83%9E%E3%82%B8%E3%83%AD%E3%81%AE%E5%A4%96%E5%A5%97" n2="%E6%9C%A7%E5%A4%8F%E6%9C%88" n3="%E5%A4%9C%E5%A4%A2%E6%AB%BB" dan="17,16,17,16" rate="2129,2107,2181,2110" sx="F,F,F,M"/><TAIKYOKU oya="0"/><INIT seed="0,0,0,0,2,73" ten="250,250,250,250" oya="0" hai0="21,61,94,14,34,90,32,123,124,114,22,13,97" hai1="45,92,111,3,77,128,108,69,122,48,88,76,91" hai2="16,72,47,119,36,8,126,20,33,87,117,105,75" hai3="66,125,10,37,82,53,5,60,96,11,81,58,54"/><T49/><D123/><U85/><E69/><V1/><F105/><W106/><G125/><T67/><D124/><U24/><E122/><V130/><F33/><W26/><G37/><T52/><D114/><U55/><E3/><V35/><F35/><W84/><G26/><T107/><D107/><U133/><E133/><V23/><F126/><W102/><G81/><T83/><D83/><U2/><E2/><V40/><F130/><W65/><G65/><T101/><D101/><U31/><E128/><V93/><F93/><W95/><G106/><T30/><D32/><U118/><E118/><N who="2" m="45067" /><F87/><W80/><G80/><T62/><D34/><N who="1" m="20839" /><E91/><V28/><F28/><W15/><REACH who="3" step="1"/><G11/><REACH who="3" step="2"/><T121/><D121/><U78/><E92/><V120/><F120/><W29/><G29/><T79/><D30/><U134/><E134/><V129/><F129/><W12/><G12/><N who="0" m="4715" /><D67/><U132/><E132/><V110/><F8/><W100/><G100/><T113/><D113/><U42/><E88/><AGARI ba="0,1" hai="5,10,15,53,54,58,60,66,82,84,88,95,96,102" machi="88" ten="30,7700,0" yaku="1,1,7,1,8,1,54,1,53,0" doraHai="73" doraHaiUra="116" who="3" fromWho="1" sc="250,0,250,-77,250,0,240,87" /><INIT seed="1,0,0,5,5,102" ten="250,173,250,327" oya="1" hai0="106,11,21,39,101,128,67,30,74,134,58,135,51" hai1="68,33,64,91,103,8,120,88,69,27,99,13,28" hai2="22,35,75,54,14,46,76,98,84,97,123,124,2" hai3="94,118,96,26,70,81,127,117,87,83,116,4,85"/><U78/><E78/><V89/><F35/><W92/><G70/><T20/><D39/><U48/><E48/><V72/><F2/><W125/><G4/><T104/><D74/><U12/><E120/><V15/><F123/><W53/><G53/><N who="0" m="32063" /><D101/><U115/><E115/><V126/><F46/><W37/><G26/><N who="0" m="16711" /><D11/><U10/><E69/><V34/><F34/><W108/><G37/><T1/><D1/><U7/><E64/><V43/><F43/><W77/><G108/><T131/><D21/><U25/><E25/><V129/><F22/><W60/><G60/><T63/><D63/><U86/><E86/><V65/><F84/><W40/><G40/><T47/><D47/><U100/><E68/><V49/><F75/><W73/><G73/><T45/><D45/><U132/><E132/><N who="0" m="50729" /><D67/><U50/><E50/><V93/><F49/><W56/><G56/><T17/><D17/><U107/><REACH who="1" step="1"/><E103/><REACH who="1" step="2"/><N who="2" m="60847" /><F65/><W36/><G36/><T19/><D19/><AGARI ba="0,1" hai="7,8,10,12,13,19,27,28,33,88,91,99,100,107" machi="19" ten="30,11600,0" yaku="1,1,7,1,52,1,54,1,53,0" doraHai="102" doraHaiUra="38" who="1" fromWho="0" sc="250,-116,163,126,250,0,327,0" /><INIT seed="1,1,0,5,1,24" ten="134,289,250,327" oya="1" hai0="68,36,31,81,78,96,109,128,82,62,51,83,91" hai1="8,61,97,98,127,20,94,130,57,129,110,56,26" hai2="116,126,13,14,5,74,45,55,106,59,58,50,132" hai3="23,42,28,75,39,90,37,95,100,1,99,85,10"/><U41/><E127/><V72/><F116/><W135/><G135/><T18/><D36/><U93/><E110/><V107/><F132/><W124/><G124/><T25/><D109/><U80/><E41/><V2/><F2/><W3/><G75/><T125/><D125/><U108/><E108/><V53/><F126/><W60/><G42/><T34/><D128/><U73/><E8/><V114/><F5/><W35/><G35/><T27/><D51/><U9/><E9/><V47/><REACH who="2" step="1"/><F50/><REACH who="2" step="2"/><W71/><G1/><T86/><D78/><U21/><E130/><V92/><F92/><W69/><G95/><T19/><D96/><U121/><E129/><V54/><F54/><W15/><G99/><T88/><D82/><U17/><E94/><V12/><F12/><W87/><G15/><T7/><D7/><U0/><E0/><V38/><F38/><W113/><G3/><T122/><D122/><U48/><E121/><V66/><F66/><W33/><G39/><T103/><D103/><U111/><E111/><V131/><F131/><W115/><G100/><T4/><D4/><U44/><E98/><V79/><F79/><W29/><G37/><T123/><D123/><U120/><E120/><V49/><F49/><W84/><G115/><AGARI ba="1,1" hai="13,14,45,47,53,55,58,59,72,74,106,107,114,115" machi="115" ten="25,3200,0" yaku="1,1,22,2,53,0" doraHai="24" doraHaiUra="63" who="2" fromWho="3" sc="134,0,289,0,240,45,327,-35" /><INIT seed="2,0,0,2,3,4" ten="134,289,285,292" oya="2" hai0="61,17,99,109,92,12,89,102,123,122,68,104,36" hai1="65,66,80,24,8,84,57,78,45,49,21,19,41" hai2="133,6,114,25,106,48,50,59,91,16,31,0,13" hai3="107,73,34,121,83,38,27,42,111,82,10,18,95"/><V9/><F114/><W52/><G107/><T60/><D36/><U113/><E113/><V35/><F106/><W112/><G121/><T33/><D33/><U90/><E57/><V130/><F130/><W127/><G112/><T100/><D100/><U69/><E69/><V26/><F133/><W30/><G111/><T79/><D79/><U135/><E135/><V3/><F3/><W70/><G70/><T40/><D40/><U94/><REACH who="1" step="1"/><E8/><REACH who="1" step="2"/><V125/><F59/><W56/><G10/><T63/><D68/><U87/><AGARI ba="0,1" hai="19,21,24,41,45,49,65,66,78,80,84,87,90,94" machi="87" ten="20,8000,1" yaku="1,1,2,1,0,1,7,1,8,1,53,0" doraHai="4" doraHaiUra="67" who="1" fromWho="1" sc="134,-20,279,90,285,-40,292,-20" /><INIT seed="3,0,0,4,0,6" ten="114,369,245,272" oya="3" hai0="39,47,1,46,85,105,75,123,129,70,114,80,15" hai1="69,95,68,58,66,127,109,31,27,10,77,26,78" hai2="0,44,8,79,120,60,42,101,56,122,115,82,25" hai3="130,11,19,91,52,67,49,100,103,97,73,89,59"/><W2/><G73/><T36/><D75/><U99/><E69/><V106/><F115/><W110/><G130/><T126/><D1/><U65/><E68/><V121/><F25/><W117/><G117/><T102/><D70/><U21/><E109/><V9/><F0/><W20/><G110/><T23/><D114/><U113/><E113/><V116/><F116/><W119/><G119/><T72/><D72/><U88/><E127/><V12/><F12/><N who="3" m="7583" /><G2/><T50/><D123/><U28/><E10/><N who="2" m="4203" /><F101/><N who="3" m="38987" /><G97/><T93/><D105/><U107/><E107/><V98/><F98/><W128/><G128/><T30/><D36/><U3/><E3/><V90/><F90/><N who="3" m="34315" /><G20/><T63/><D39/><U24/><E21/><V76/><F82/><W7/><G67/><T112/><D126/><U45/><E66/><N who="2" m="39175" /><F106/><W133/><G133/><T38/><D38/><AGARI ba="0,0" hai="38,42,44,76,79,120,121,122" m="39175,4203" machi="38" ten="30,7700,0" yaku="13,1,52,3" doraHai="6" who="2" fromWho="0" sc="114,-77,369,0,245,77,272,0" /><INIT seed="4,0,0,1,3,31" ten="37,369,322,272" oya="0" hai0="16,14,121,39,100,58,32,108,113,40,4,61,2" hai1="87,105,51,65,12,109,95,99,102,82,41,135,111" hai2="21,6,98,126,118,73,79,66,23,122,88,74,107" hai3="117,36,78,38,8,114,91,120,29,62,77,49,133"/><T3/><D121/><U103/><E65/><V63/><F122/><W72/><G120/><T42/><D100/><U124/><E12/><V30/><F126/><W131/><G117/><T1/><D108/><U128/><E41/><V24/><F118/><W0/><G29/><T125/><D125/><U75/><E51/><V27/><F6/><W37/><G49/><T104/><D104/><U45/><E45/><V20/><F79/><W92/><G114/><T84/><D113/><U26/><E26/><V71/><F88/><W18/><G72/><T48/><D39/><U55/><E55/><V60/><F60/><W22/><G131/><T132/><D4/><U80/><E124/><V96/><F96/><W67/><G133/><T46/><D132/><U44/><E44/><V34/><REACH who="2" step="1"/><F27/><REACH who="2" step="2"/><W110/><G78/><T11/><D84/><U54/><E135/><V59/><F59/><W106/><G77/><T101/><D101/><AGARI ba="0,1" hai="20,21,23,24,30,34,63,66,71,73,74,98,101,107" machi="101" ten="40,8000,1" yaku="1,1,25,2,52,1,53,0" doraHai="31" doraHaiUra="52" who="2" fromWho="0" sc="37,-80,369,0,312,90,272,0" owari="-43,-54,369,17,402,50,272,-13" /></mjloggm>