<mjloggm ver="2.3"><GO type="169"/><UN n0="%E6%AF%94%E5%98%89%E7%A7%80%E4%BB%81" n1="%E6%81%B5%E5%A4%AA%E9%83%8E%EF%BC%A0%E6%9D%B1%E4%BA%AC" n2="%E3%81%86%E3%82%81%E5%B9%B2%E3%81%97%E3%81%B0%E3%81%B0%E3%81%82" n3="%E9%8A%80%E9%81%8A%E7%A7%81%E4%BA%BA" dan="16,17,17,16" rate="2126,2176,2150,2020" sx="M,M,F,M"/><TAIKYOKU oya="0"/><INIT seed="0,0,0,4,2,1" ten="250,250,250,250" oya="0" hai0="72,50,123,105,91,47,41,104,74,94,15,134,56" hai1="116,131,39,28,133,23,40,102,68,30,64,42,111" hai2="14,114,67,112,95,48,97,103,31,122,12,120,75" hai3="61,58,100,32,26,36,3,85,59,2,88,34,109"/><T89/><D123/><U35/><E116/><V37/><F37/><W54/><G36/><T11/><D134/><U119/><E119/><V98/><F75/><W8/><G109/><T132/><D74/><U118/><E133/><V65/><F31/><W13/><G100/><T55/><D72/><U107/><E111/><V62/><F48/><W82/><G58/><T24/><D24/><U0/><E0/><V43/><F43/><W9/><G9/><T52/><D55/><U17/><E131/><V135/><F135/><W110/><G110/><T21/><D21/><U49/><E39/><V79/><F79/><W22/><G32/><T96/><D91/><U81/><E81/><V125/><F125/><W106/><G106/><T18/><REACH who="0" step="1"/><D132/><REACH who="0" step="2"/><U78/><E118/><V4/><F122/><W51/><G34/><T108/><D108/><U73/><E35/><V117/><F120/><W121/><G121/><T27/><D27/><U53/><E78/><V38/><F117/><W77/><G77/><T60/><AGARI ba="0,1" hai="11,15,18,41,47,50,52,56,60,89,94,96,104,105" machi="60" ten="20,12000,1" yaku="1,1,0,1,7,1,54,1,53,1" doraHai="1" doraHaiUra="93" who="0" fromWho="0" sc="240,130,250,-40,250,-40,250,-40" /><INIT seed="0,1,0,2,0,33" ten="370,210,210,210" oya="0" hai0="14,119,79,0,69,110,23,19,15,116,4,93,30" hai1="64,132,21,35,133,122,99,105,94,76,73,123,115" hai2="91,58,10,53,57,27,22,121,18,83,88,70,107" hai3="5,43,84,28,40,114,95,47,24,71,12,101,134"/><T56/><D69/><U26/><E35/><V59/><F121/><W80/><G114/><T86/><D56/><N who="2" m="21610" /><F70/><W75/><G71/><T117/><D79/><U3/><E115/><V135/><F107/><W32/><G75/><T66/><D66/><U41/><E64/><V6/><F135/><N who="1" m="51785" /><E41/><V9/><F6/><W36/><G134/><T92/><D86/><U60/><E60/><N who="2" m="35951" /><F83/><W61/><G61/><T103/><D103/><N who="1" m="62719" /><E3/><V112/><F112/><W129/><G129/><T65/><D65/><U51/><E51/><V72/><F72/><W124/><G124/><T97/><D30/><N who="1" m="17743" /><E94/><V55/><F55/><W49/><G40/><T81/><D93/><U63/><E63/><V85/><F85/><W44/><G49/><T108/><D92/><U120/><E73/><V82/><F82/><W8/><G95/><T16/><D97/><U46/><E46/><V7/><F7/><W39/><G47/><T31/><D81/><U42/><E42/><V54/><F54/><W38/><REACH who="3" step="1"/><G101/><REACH who="3" step="2"/><T104/><D104/><U96/><E96/><V17/><F91/><AGARI ba="1,1" hai="5,8,12,24,28,32,36,38,39,43,44,80,84,91" machi="91" ten="30,3900,0" yaku="1,1,2,1,7,1,53,0" doraHai="33" doraHaiUra="102" who="3" fromWho="2" sc="370,0,210,0,210,-42,200,52" /><INIT seed="1,0,0,4,1,1" ten="370,210,168,252" oya="1" hai0="55,26,37,108,14,66,119,94,0,131,124,3,13" hai1="53,126,58,67,93,63,69,96,50,78,106,114,61" hai2="15,44,107,31,123,38,104,88,57,4,130,105,52" hai3="40,76,11,102,2,127,10,109,7,110,28,27,72"/><U30/><E114/><V32/><F123/><W122/><G122/><T95/><D119/><U81/><E106/><V36/><F130/><W8/><G102/><T16/><D37/><U64/><E126/><V39/><F32/><W54/><G127/><T77/><D108/><N who="3" m="41577" /><G40/><T80/><D131/><U134/><E30/><V43/><F31/><W91/><G91/><T49/><D66/><U113/><E113/><V17/><F88/><W22/><G54/><T85/><D0/><U70/><E134/><V60/><REACH who="2" step="1"/><F4/><REACH who="2" step="2"/><W59/><G28/><T73/><D124/><U84/><E96/><V62/><F62/><W12/><G7/><T83/><D77/><U116/><E93/><V89/><F89/><W75/><G76/><T103/><D95/><U20/><E20/><AGARI ba="0,1" hai="15,17,20,36,38,39,43,44,52,57,60,104,105,107" machi="20" ten="40,5200,0" yaku="1,1,54,1,53,1" doraHai="1" doraHaiUra="18" who="2" fromWho="1" sc="370,0,210,-52,158,62,252,0" /><INIT seed="2,0,0,1,5,30" ten="370,158,220,252" oya="2" hai0="41,63,93,70,32,78,131,79,97,109,76,80,31" hai1="101,95,36,35,132,24,82,130,14,118,12,71,9" hai2="65,25,40,55,96,46,110,126,77,108,11,26,27" hai3="128,120,58,133,4,10,62,67,107,66,61,16,119"/><V43/><F126/><W34/><G119/><T37/><D109/><N who="2" m="42090" /><F77/><W54/><G120/><T94/><D131/><U38/><E118/><V124/><F124/><W105/><G128/><T115/><D115/><U20/><E130/><V86/><F65/><W73/><G73/><T56/><D70/><U3/><E71/><V59/><F86/><W28/><G133/><T111/><D111/><U60/><E132/><V1/><F96/><W0/><G54/><T114/><D114/><U72/><E60/><N who="2" m="35967" /><F46/><W121/><G121/><T87/><D97/><U112/><E112/><V8/><F1/><W81/><G0/><T39/><D79/><U129/><E82/><V135/><F135/><W75/><G81/><T88/><D78/><U47/><E72/><V83/><F83/><W85/><G75/><T13/><D94/><U117/><E47/><V91/><F91/><W29/><G85/><T51/><D93/><U74/><E74/><V33/><F33/><W84/><G34/><T104/><D76/><U6/><E129/><V89/><F89/><W42/><G84/><T64/><D104/><U98/><E117/><V57/><F57/><W5/><G58/><T99/><D99/><U22/><E35/><V49/><F49/><W2/><G2/><T21/><D51/><U53/><E53/><V134/><F134/><W69/><G69/><T50/><D50/><U92/><E92/><V100/><F100/><W48/><G48/><T45/><D45/><U19/><E3/><V17/><F17/><AGARI ba="0,0" hai="6,9,12,14,17,19,20,22,24,36,38,95,98,101" machi="17" ten="30,1000,0" yaku="7,1" doraHai="30" who="1" fromWho="2" sc="370,0,158,10,220,-10,252,0" /><INIT seed="3,0,0,1,0,6" ten="370,168,210,252" oya="3" hai0="50,33,21,97,83,44,62,56,9,105,102,111,117" hai1="96,82,38,5,37,75,124,48,95,70,98,92,110" hai2="29,8,25,18,45,4,7,115,73,116,107,54,72" hai3="19,113,135,63,51,22,69,32,74,34,79,49,104"/><W84/><G113/><T24/><D111/><U128/><E110/><V114/><F107/><W119/><G119/><T91/><D33/><U1/><E70/><V31/><F116/><W121/><G121/><T94/><D83/><U87/><E124/><V77/><F29/><W64/><G74/><T109/><D109/><U81/><E75/><V58/><F7/><W36/><G36/><T130/><D130/><U47/><E128/><V2/><F18/><W27/><G104/><T17/><D117/><U14/><E1/><V11/><F11/><W68/><G68/><T60/><D9/><N who="1" m="4399" /><E38/><V80/><F45/><W112/><G112/><T126/><D126/><U88/><E37/><V67/><F67/><W3/><G3/><T10/><D10/><U28/><E28/><V106/><F106/><W43/><G135/><T57/><D62/><U42/><E98/><V131/><F73/><W93/><G32/><T46/><D46/><U118/><E118/><V129/><F129/><W20/><G34/><T66/><D57/><U108/><E108/><V41/><F41/><W76/><G69/><T120/><D120/><U132/><E132/><V55/><F131/><W40/><G40/><N who="0" m="24839" /><D105/><U39/><E39/><V78/><F78/><W86/><G79/><T26/><D26/><U89/><AGARI ba="0,0" hai="42,47,48,81,82,87,88,89,92,95,96" m="4399" machi="89" ten="30,4000,0" yaku="8,1,52,1,54,1" doraHai="6" who="1" fromWho="1" sc="370,-10,168,40,210,-10,252,-20" /><INIT seed="4,0,0,5,1,29" ten="360,208,200,232" oya="0" hai0="63,30,1,108,70,100,131,51,36,20,112,127,80" hai1="31,132,6,3,78,72,10,38,40,129,12,16,73" hai2="110,123,60,43,44,121,55,49,18,104,122,88,135" hai3="98,66,120,79,101,92,107,64,15,87,67,47,119"/><T26/><D36/><U45/><E129/><V17/><F104/><W37/><G119/><T94/><D1/><U118/><E118/><V39/><F110/><W99/><G120/><T133/><D131/><U48/><E132/><V22/><F135/><W106/><G15/><T53/><D133/><U62/><E62/><V19/><F60/><W134/><G134/><T59/><D127/><U27/><E78/><V115/><F115/><W11/><G11/><T5/><D112/><U76/><E76/><V114/><F114/><W83/><REACH who="3" step="1"/><G99/><REACH who="3" step="2"/><T93/><D108/><U46/><E3/><V97/><F123/><W14/><G14/><T8/><D8/><U61/><E6/><V54/><F121/><W91/><G91/><T103/><D5/><U0/><E0/><V24/><F122/><W74/><G74/><T90/><D103/><U52/><E61/><V81/><F97/><W124/><G124/><T69/><D100/><U56/><REACH who="1" step="1"/><E45/><REACH who="1" step="2"/><V117/><F117/><W111/><G111/><T23/><D63/><U96/><E96/><V84/><REACH who="2" step="1"/><F39/><REACH who="2" step="2"/><W9/><G9/><T113/><D113/><U125/><E125/><V2/><F2/><W58/><G58/><T41/><D59/><U25/><E25/><V42/><F42/><AGARI ba="0,3" hai="37,42,47,64,66,67,79,83,87,92,98,101,106,107" machi="42" ten="40,1300,0" yaku="1,1,53,0" doraHai="29" doraHaiUra="33" who="3" fromWho="2" sc="360,0,198,0,190,-13,222,43" /><INIT seed="5,0,0,1,1,133" ten="360,198,177,265" oya="1" hai0="14,113,6,48,7,135,9,79,132,41,34,54,114" hai1="78,84,57,98,85,27,117,16,58,107,83,10,11" hai2="91,29,94,49,70,121,30,3,105,36,123,134,72" hai3="52,74,97,33,45,60,63,73,124,115,130,38,103"/><U18/><E117/><V88/><F36/><W128/><G33/><T126/><D34/><U116/><E116/><V62/><F105/><W71/><G115/><N who="0" m="44043" /><D41/><U106/><E98/><V75/><F3/><W4/><G4/><N who="0" m="3367" /><D126/><U104/><E27/><V87/><F134/><N who="0" m="51242" /><D79/><U39/><E39/><V111/><F111/><W77/><G124/><T99/><D99/><U76/><E104/><V122/><F122/><W93/><G77/><T108/><D108/><U51/><E51/><V37/><F49/><W40/><G63/><T21/><D21/><U0/><E83/><V55/><F37/><W26/><G38/><T43/><D43/><U127/><REACH who="1" step="1"/><E0/><REACH who="1" step="2"/><V68/><F123/><W118/><G97/><T109/><D109/><U56/><E56/><AGARI ba="0,1" hai="6,7,48,54,56" m="51242,3367,44043" machi="56" ten="30,2000,0" yaku="15,1,20,1" doraHai="133" who="0" fromWho="1" sc="360,30,188,-20,177,0,265,0" /><INIT seed="6,0,0,4,3,78" ten="390,168,177,265" oya="2" hai0="129,92,65,72,98,7,131,112,43,9,41,11,15" hai1="55,113,52,18,31,40,94,84,87,130,116,12,115" hai2="108,125,26,0,23,97,62,67,38,134,20,69,76" hai3="96,73,54,128,3,53,16,57,100,22,39,91,32"/><V4/><F38/><W6/><G39/><T123/><D72/><U117/><E40/><V89/><F134/><W102/><G32/><T107/><D107/><U64/><E64/><V66/><F125/><W104/><G73/><T101/><D112/><N who="1" m="43083" /><E31/><V132/><F132/><W48/><G128/><N who="0" m="49227" /><D123/><U81/><E130/><V79/><F66/><W19/><G102/><T49/><D65/><U47/><E94/><V99/><F108/><W58/><G91/><T45/><D11/><N who="1" m="6431" /><E87/><V83/><F23/><W86/><G86/><T88/><D43/><U127/><E127/><V71/><F71/><W77/><G77/><N who="2" m="29769" /><F4/><W21/><G6/><T118/><D118/><N who="1" m="45675" /><E47/><V13/><F0/><W59/><G3/><T114/><D114/><U82/><E84/><N who="2" m="50335" /><F69/><W37/><G37/><T119/><D119/><U51/><E51/><V27/><F13/><W75/><G75/><T30/><D30/><U85/><E85/><V105/><F105/><W1/><G1/><T120/><D120/><U63/><E63/><V28/><F26/><W93/><G104/><T106/><D106/><U80/><AGARI ba="0,0" hai="52,55,80,81,82" m="45675,6431,43083" machi="80" ten="40,8000,1" yaku="15,1,52,3,54,1" doraHai="78" who="1" fromWho="1" sc="390,-20,168,80,177,-40,265,-20" /><INIT seed="7,0,0,4,2,16" ten="370,248,137,245" oya="3" hai0="81,4,37,14,101,95,83,97,24,57,85,128,63" hai1="28,50,19,92,127,27,36,54,23,124,42,8,96" hai2="62,79,99,35,91,125,82,123,64,25,17,6,18" hai3="130,105,31,22,89,3,113,87,0,109,48,93,112"/><W103/><G130/><T76/><D37/><U49/><E36/><V131/><F131/><W108/><G48/><T129/><D83/><U121/><E121/><V80/><F123/><W11/><G105/><T107/><D129/><U59/><E42/><V111/><F111/><N who="3" m="42571" /><G103/><T15/><D128/><U52/><E8/><V69/><F125/><N who="1" m="48201" /><E19/><V12/><F6/><N who="3" m="1479" /><G3/><T115/><D115/><N who="3" m="44105" /><G31/><T34/><D107/><U84/><E84/><V94/><F79/><W75/><G75/><T120/><D120/><U61/><E54/><V67/><F67/><W116/><G116/><T110/><D110/><U56/><E59/><V77/><F77/><W122/><G122/><T5/><D101/><AGARI ba="0,0" hai="23,27,28,49,50,52,56,61,92,96,101" m="48201" machi="101" ten="30,3900,0" yaku="18,1,52,1,54,1" doraHai="16" who="1" fromWho="0" sc="370,-39,248,39,137,0,245,0" owari="331,42,287,9,137,-36,245,-15" /></mjloggm>