<mjloggm ver="2.3"><GO type="225"/><UN n0="%6D%6D%6A%61%6E%67%6B%69" n1="%E7%88%86%E7%89%8C%E3%82%A6%E3%82%B7%E3%82%B8%E3%83%9E%E3%81%8F%E3%82%93" n2="%E5%A4%A9%E7%A9%BA%E3%81%AE%E7%99%BD%E3%82%82%E3%82%93%E3%81%9F" n3="%E4%B8%AD%E7%94%BA%E3%81%8B%E3%81%AA" dan="16,18,16,16" rate="2105,2182,2050,2060" sx="M,M,M,F"/><TAIKYOKU oya="0"/><INIT seed="0,0,0,2,0,8" ten="250,250,250,250" oya="0" hai0="0,118,62,15,81,21,31,135,23,88,97,20,110" hai1="42,87,55,80,30,69,119,66,47,107,57,32,120" hai2="122,27,102,85,106,104,91,2,67,11,123,64,45" hai3="63,100,108,77,75,86,35,68,114,112,133,90,83"/><T22/><D118/><U109/><E119/><V16/><F122/><W76/><G35/><T38/><D38/><U105/><E120/><V124/><F123/><W29/><G29/><T101/><D0/><U113/><E113/><V82/><F124/><W40/><G40/><T103/><D135/><U59/><E59/><V39/><F106/><W131/><G68/><T12/><D110/><U94/><E94/><V56/><F2/><W17/><G63/><T41/><D41/><U37/><E109/><V84/><F104/><W26/><G108/><T6/><D6/><U3/><E3/><V33/><F102/><N who="0" m="38922" /><D62/><N who="1" m="40151" /><E30/><V93/><F39/><W48/><G100/><T7/><D7/><U14/><E32/><V65/><F45/><W132/><G48/><T95/><D81/><U36/><E36/><V46/><F46/><W13/><G26/><AGARI ba="0,0" hai="12,15,20,21,22,23,26,31,88,95,97" m="38922" machi="26" ten="30,11600,0" yaku="8,1,52,2,54,1" doraHai="8" who="0" fromWho="3" sc="250,116,250,0,250,0,250,-116" /><INIT seed="0,1,0,2,4,123" ten="366,250,250,134" oya="0" hai0="31,40,102,51,73,10,62,95,111,28,14,45,124" hai1="11,76,93,35,1,30,61,118,33,87,42,130,12" hai2="16,43,19,120,131,94,65,107,32,20,82,56,25" hai3="80,117,66,75,23,39,100,84,15,55,134,60,70"/><T90/><D73/><U85/><E118/><V53/><F107/><W113/><G117/><T112/><D112/><U48/><E1/><V64/><F120/><W2/><G113/><T37/><D124/><U83/><E130/><V97/><F32/><W22/><G2/><T109/><D102/><U18/><E30/><V7/><F131/><W114/><G114/><T133/><D62/><U122/><E122/><V38/><F7/><W4/><G75/><T74/><D37/><U13/><E61/><V59/><F82/><W79/><G39/><T89/><D74/><U128/><E128/><V126/><F126/><W21/><G134/><T0/><D0/><U125/><E125/><V101/><F38/><W72/><G100/><T27/><D133/><U78/><E13/><V46/><F43/><W68/><G72/><T57/><D57/><N who="2" m="22090" /><F19/><W3/><G55/><T105/><D105/><U77/><E93/><V119/><F119/><W58/><REACH who="3" step="1"/><G3/><REACH who="3" step="2"/><T8/><D90/><U44/><E78/><V98/><F97/><W99/><G99/><T132/><D132/><U17/><E77/><V50/><AGARI ba="1,1" hai="16,20,25,46,50,53,64,65,94,98,101" m="22090" machi="50" ten="30,2000,0" yaku="8,1,54,1" doraHai="123" who="2" fromWho="2" sc="366,-11,250,-6,250,33,124,-6" /><INIT seed="1,0,0,2,4,101" ten="355,244,283,118" oya="1" hai0="26,19,133,102,23,0,110,9,38,43,84,120,58" hai1="45,119,128,50,41,106,98,4,66,69,89,28,39" hai2="36,115,44,116,34,88,91,30,70,83,81,10,99" hai3="63,126,107,105,13,127,129,22,135,37,18,61,93"/><U17/><E119/><V97/><F116/><W104/><G37/><T6/><D133/><U2/><E128/><V132/><F70/><W121/><G135/><T108/><D120/><U95/><E28/><V92/><F132/><W78/><G129/><T77/><D102/><U94/><E106/><V80/><F10/><W60/><G121/><T72/><D58/><U14/><E69/><V114/><F34/><W68/><G68/><T21/><D21/><U29/><E29/><V75/><F30/><W52/><G78/><T123/><D84/><U5/><E66/><V100/><F44/><W55/><REACH who="3" step="1"/><G93/><REACH who="3" step="2"/><T20/><D123/><U64/><E39/><V49/><F36/><W90/><G90/><T33/><D77/><U103/><E94/><V134/><F134/><W125/><AGARI ba="0,1" hai="13,18,22,52,55,60,61,63,104,105,107,125,126,127" machi="125" ten="50,16000,3" yaku="1,1,0,1,29,2,18,1,52,3,54,1,53,0" doraHai="101" doraHaiUra="118" who="3" fromWho="3" sc="355,-40,244,-80,283,-40,108,170" /><INIT seed="2,0,0,1,3,109" ten="315,164,243,278" oya="2" hai0="135,101,67,99,10,35,126,88,68,120,127,11,38" hai1="34,77,25,97,61,111,124,9,37,69,20,16,83" hai2="44,80,19,3,94,85,72,86,76,70,115,4,33" hai3="8,92,105,2,18,119,52,129,30,107,82,58,50"/><V90/><F70/><W121/><G121/><T122/><D35/><U123/><E111/><V36/><F33/><W26/><G119/><T59/><D38/><U128/><E37/><V130/><F130/><W108/><G129/><T125/><D68/><U64/><E128/><V91/><F19/><W112/><G108/><T46/><D46/><U53/><E123/><N who="0" m="47145" /><D88/><U116/><E116/><V95/><F115/><W87/><G92/><N who="0" m="58599" /><D135/><U13/><E124/><V24/><F24/><W22/><G112/><T106/><D106/><U32/><E97/><V40/><F3/><W84/><G84/><T93/><D93/><U6/><REACH who="1" step="1"/><E53/><REACH who="1" step="2"/><V89/><F89/><W23/><G52/><T118/><D118/><U28/><E28/><V103/><F103/><W17/><G30/><T71/><D127/><U79/><E79/><V55/><F55/><W104/><G104/><T81/><D126/><U41/><E41/><V57/><F91/><W98/><G98/><T114/><D114/><U7/><E7/><V132/><F4/><W60/><G107/><T29/><D29/><U42/><E42/><V102/><F102/><W27/><G105/><T96/><D96/><U21/><E21/><V113/><F90/><W45/><G22/><T131/><D131/><U75/><AGARI ba="0,1" hai="6,9,13,16,20,25,32,34,61,64,69,75,77,83" machi="75" ten="20,5200,0" yaku="1,1,0,1,7,1,54,1,53,0" doraHai="109" doraHaiUra="48" who="1" fromWho="1" sc="315,-13,154,62,243,-26,278,-13" /><INIT seed="3,0,0,4,2,110" ten="302,216,217,265" oya="3" hai0="54,82,121,18,56,113,93,98,76,72,80,59,26" hai1="4,131,37,132,0,78,95,28,118,74,65,108,21" hai2="30,135,115,134,133,117,99,55,44,7,77,45,40" hai3="22,116,29,27,34,130,64,129,105,91,51,120,8"/><W96/><G120/><T58/><D113/><U32/><E108/><V20/><F117/><W14/><G116/><T16/><D121/><U126/><E118/><V61/><F77/><W106/><G34/><T52/><D82/><N who="1" m="45399" /><E95/><V17/><F115/><W39/><G39/><T60/><D26/><N who="1" m="18455" /><E21/><V48/><F7/><W111/><G111/><T63/><D58/><U70/><E126/><V13/><F99/><W57/><G91/><AGARI ba="0,0" hai="16,18,52,54,56,59,60,63,72,76,80,91,93,98" machi="91" ten="30,7700,0" yaku="7,1,9,1,54,2" doraHai="110" who="0" fromWho="3" sc="302,77,216,0,217,0,265,-77" owari="379,47,216,-18,217,2,188,-31" /></mjloggm>