<mjloggm ver="2.3"><GO type="225"/><UN n0="%E6%9C%AC%E7%89%A9%E5%A5%B3%E5%AD%90%E9%AB%98%E7%94%9F" n1="%E8%9C%9C%E6%9F%91%E3%81%AE%E7%9A%AE" n2="%E4%BA%BA%E9%96%93%E7%99%BA%E9%9B%BB%E6%89%80" n3="%61%62%61%6E%74%65%73" dan="17,17,17,16" rate="2088,2118,2149,2087" sx="F,M,M,M"/><TAIKYOKU oya="0"/><INIT seed="0,0,0,2,3,13" ten="250,250,250,250" oya="0" hai0="60,69,0,47,51,86,21,133,18,119,42,91,106" hai1="6,77,56,85,54,76,62,78,87,64,70,101,74" hai2="29,83,109,23,89,39,57,35,3,135,93,122,48" hai3="38,34,113,11,67,5,10,95,66,55,120,14,96"/><T104/><D119/><U80/><E101/><V129/><F122/><W63/><G113/><T71/><D133/><U8/><E74/><V1/><F39/><W16/><G34/><T124/><D0/><U108/><E108/><V94/><F35/><W24/><G38/><T36/><D36/><U22/><E22/><V27/><F135/><W31/><G120/><T33/><D33/><U81/><E78/><V79/><F109/><W128/><G31/><T44/><D44/><U4/><REACH who="1" step="1"/><E8/><REACH who="1" step="2"/><V88/><F79/><W82/><G11/><T65/><D124/><U100/><E100/><V90/><F129/><W123/><G128/><T112/><D112/><U43/><E43/><V49/><F83/><W58/><G82/><T28/><D28/><U103/><E103/><V127/><F127/><W115/><G115/><T84/><D84/><U134/><E134/><V25/><F23/><N who="3" m="13415" /><G123/><T72/><D72/><U118/><E118/><V121/><F121/><W40/><G40/><T20/><D20/><U15/><E15/><V110/><F110/><W37/><G37/><T68/><D106/><U131/><E131/><V117/><F117/><W132/><G132/><T50/><D104/><U26/><E26/><V114/><F114/><W52/><G67/><T92/><REACH who="0" step="1"/><D50/><AGARI ba="0,1" hai="4,6,50,54,56,62,64,70,76,77,80,81,85,87" machi="50" ten="30,3900,0" yaku="1,1,7,1,9,1,53,0" doraHai="13" doraHaiUra="32" who="1" fromWho="0" sc="250,-39,240,49,250,0,250,0" /><INIT seed="1,0,0,2,5,111" ten="211,289,250,250" oya="1" hai0="19,5,55,100,25,6,79,118,39,84,60,59,50" hai1="68,133,112,46,95,58,9,27,98,31,40,57,32" hai2="8,117,21,67,20,13,69,64,75,97,125,134,94" hai3="33,76,101,63,65,24,130,71,38,93,66,7,0"/><U115/><E68/><V73/><F117/><W99/><G38/><T106/><D118/><U44/><E9/><V10/><F134/><W61/><G130/><T129/><D39/><U43/><E133/><V78/><F125/><W17/><G76/><T56/><D129/><U126/><E126/><V116/><F116/><W35/><G7/><T128/><D128/><U108/><E108/><V42/><F42/><W132/><G0/><T53/><D106/><U22/><E32/><V119/><F119/><W105/><G132/><T45/><D100/><U11/><E11/><V89/><F69/><W14/><G93/><T122/><D122/><U4/><E4/><V28/><F78/><W110/><G110/><T36/><D36/><U87/><E87/><V49/><F49/><W96/><G96/><T107/><D107/><U109/><E109/><V62/><F75/><W18/><G24/><T121/><D45/><U135/><E135/><V23/><F73/><W3/><G3/><T86/><D121/><U51/><E57/><N who="2" m="36943" /><F67/><W90/><G90/><T52/><D55/><U72/><E58/><V81/><F81/><W41/><G41/><T1/><D1/><U104/><E72/><V102/><F102/><W120/><G120/><T15/><D25/><U124/><E104/><V2/><F2/><W34/><REACH who="3" step="1"/><G14/><REACH who="3" step="2"/><T85/><REACH who="0" step="1"/><D79/><REACH who="0" step="2"/><U82/><E124/><V88/><F89/><W30/><G30/><T16/><D16/><U113/><E40/><V70/><F28/><W29/><G29/><T37/><D37/><U74/><E31/><V80/><F88/><W131/><G131/><RYUUKYOKU ba="0,2" sc="201,15,289,-15,250,-15,240,15" hai0="5,6,15,19,50,52,53,56,59,60,84,85,86" hai3="17,18,33,34,35,61,63,65,66,71,99,101,105" /><INIT seed="2,1,2,3,3,112" ten="216,274,235,255" oya="2" hai0="10,91,121,20,83,95,104,92,6,102,66,107,0" hai1="54,69,96,119,50,57,22,34,26,58,86,25,52" hai2="120,37,105,93,80,94,82,117,110,114,64,17,67" hai3="31,74,15,41,73,1,108,29,124,65,118,42,61"/><V59/><F120/><W16/><G1/><T132/><D121/><U122/><E69/><V135/><F114/><W48/><G108/><T19/><D132/><U125/><E122/><V133/><F105/><W79/><G124/><T84/><D66/><U134/><E134/><N who="2" m="51211" /><F110/><W2/><G2/><T39/><D39/><U78/><E125/><V97/><F37/><W24/><G118/><T85/><D95/><U13/><E96/><V9/><F117/><W45/><G42/><T103/><D103/><U129/><E129/><V89/><F94/><W33/><G31/><T4/><D4/><U3/><E3/><V12/><F59/><W53/><G41/><T38/><D38/><U87/><E34/><V55/><F55/><W14/><G79/><T130/><D130/><U5/><E119/><V63/><F63/><W36/><G36/><T44/><D44/><U30/><E25/><V60/><F60/><W47/><G47/><T35/><D35/><U68/><E68/><V113/><F113/><W18/><G61/><T75/><D75/><U46/><E78/><V115/><F115/><W126/><G65/><AGARI ba="1,2" hai="9,12,17,64,65,67,80,82,89,93,97" m="51211" machi="65" ten="30,1500,0" yaku="20,1" doraHai="112" who="2" fromWho="3" sc="216,0,274,0,235,38,255,-18" /><INIT seed="2,2,0,5,3,9" ten="216,274,273,237" oya="2" hai0="77,115,1,129,84,79,97,114,6,75,122,53,14" hai1="63,113,51,45,61,94,116,82,68,62,55,66,100" hai2="5,124,93,133,92,19,109,40,27,126,76,104,59" hai3="36,46,0,3,107,102,4,135,134,121,56,33,25"/><V95/><F104/><W52/><G121/><T7/><D1/><U128/><E113/><V112/><F112/><W87/><G87/><T65/><D75/><U18/><E116/><V131/><F133/><N who="3" m="50699" /><G4/><T49/><D122/><U54/><E128/><V99/><F131/><W73/><G73/><T69/><D129/><U64/><E82/><V80/><F5/><W43/><G33/><T67/><D97/><N who="1" m="59447" /><E68/><V71/><F71/><W103/><G25/><T22/><D69/><U15/><E55/><V24/><F27/><W91/><G91/><T42/><D42/><U34/><E34/><V11/><F80/><W105/><G103/><T132/><D132/><U50/><E50/><V35/><F76/><N who="0" m="29258" /><D115/><U78/><E78/><V32/><F32/><W86/><G107/><T41/><D41/><U47/><E47/><V26/><F40/><W21/><G105/><T28/><D114/><U117/><E117/><V17/><F35/><W39/><G102/><T108/><D84/><U72/><E72/><V81/><F99/><W29/><G86/><T118/><D118/><U88/><E88/><V58/><F58/><W12/><G39/><T90/><D90/><U98/><E98/><V10/><F59/><W13/><G3/><T30/><D67/><U37/><E37/><V101/><F101/><W70/><G0/><T111/><D65/><U2/><E2/><V16/><F81/><W60/><G70/><T74/><D74/><U85/><E85/><V44/><F95/><W127/><G36/><T23/><D53/><U31/><E31/><V57/><F93/><W123/><G123/><RYUUKYOKU ba="2,0" sc="216,-10,274,30,273,-10,237,-10" hai1="15,18,45,51,54,61,62,63,64,66" /><INIT seed="3,3,0,3,2,77" ten="206,304,263,227" oya="3" hai0="73,9,38,66,112,6,92,130,57,12,15,35,2" hai1="65,42,89,98,0,80,135,29,117,126,90,91,59" hai2="63,132,62,110,4,129,48,118,69,56,115,10,32" hai3="25,84,114,26,96,88,31,72,71,53,121,100,83"/><W5/><G114/><T28/><D38/><U11/><E135/><V93/><F118/><W125/><G121/><T103/><D73/><U102/><E117/><V17/><F115/><W127/><G71/><T133/><D112/><U41/><E29/><V86/><F32/><W134/><G134/><T74/><D133/><U101/><E101/><V45/><F132/><W131/><G131/><T108/><D74/><U50/><E80/><V33/><F129/><W99/><G5/><T79/><D130/><U87/><E87/><V55/><F33/><W52/><G72/><T116/><D116/><U22/><E22/><V111/><F69/><W18/><G18/><T61/><D79/><U97/><E126/><N who="3" m="48138" /><G99/><T120/><D120/><U78/><E78/><V3/><F17/><W14/><G14/><T19/><D108/><N who="2" m="41514" /><F93/><N who="3" m="58383" /><G26/><T16/><D12/><U123/><E123/><V104/><F104/><W95/><G95/><T68/><D68/><U106/><E97/><V49/><F86/><W75/><G75/><T40/><D15/><U60/><E0/><V70/><F70/><W1/><G1/><T24/><REACH who="0" step="1"/><D40/><AGARI ba="3,0" hai="3,4,10,40,45,48,49,55,56,62,63" m="41514" machi="40" ten="30,1000,0" yaku="14,1" doraHai="77" who="2" fromWho="0" sc="206,-19,304,0,263,19,227,0" owari="187,-31,304,40,282,8,227,-17" /></mjloggm>