<mjloggm ver="2.3"><GO type="225"/><UN n0="%E3%81%B6%E3%81%A3%E3%81%A8%E3%81%B3%E4%BE%8D" n1="%72%69%63%68%69%6B%6F" n2="%61%62%61%6E%74%65%73" n3="%E4%B8%AD%E7%94%BA%E3%81%8B%E3%81%AA" dan="17,16,16,16" rate="2109,2120,2079,2051" sx="M,F,M,F"/><TAIKYOKU oya="0"/><INIT seed="0,0,0,1,1,135" ten="250,250,250,250" oya="0" hai0="117,88,119,13,84,65,87,64,134,38,55,92,27" hai1="105,72,80,85,129,11,93,86,22,24,31,89,101" hai2="19,132,126,57,108,63,30,113,18,74,52,100,45" hai3="9,60,48,37,7,120,118,81,50,8,21,78,109"/><T90/><D134/><U99/><E129/><V124/><F113/><W121/><G37/><T28/><D38/><U114/><E114/><V110/><F132/><W43/><G118/><T107/><D107/><U40/><E40/><V62/><F74/><W71/><G109/><N who="2" m="42089" /><F30/><W95/><G9/><T128/><D128/><U68/><E68/><V20/><F100/><W123/><G21/><N who="0" m="15471" /><D119/><U102/><E72/><V106/><F106/><W41/><G95/><N who="0" m="54751" /><D117/><U23/><E11/><V2/><F2/><N who="3" m="119" /><G41/><T130/><D130/><U47/><E47/><V58/><F45/><W131/><G43/><T34/><D34/><U61/><E105/><V66/><F19/><W73/><G131/><T67/><D13/><AGARI ba="0,0" hai="13,18,20,52,57,58,62,63,66,124,126" m="42089" machi="13" ten="30,7700,0" yaku="14,1,52,2,54,1" doraHai="135" who="2" fromWho="0" sc="250,-77,250,0,250,77,250,0" /><INIT seed="1,0,0,1,2,32" ten="173,250,327,250" oya="1" hai0="49,5,22,58,39,130,84,70,122,77,92,94,14" hai1="50,60,107,79,15,101,82,43,115,8,97,56,66" hai2="121,2,28,9,88,47,12,111,69,52,24,61,7" hai3="108,6,81,45,110,10,78,54,17,135,91,62,118"/><U124/><E115/><V83/><F121/><W38/><G135/><T117/><D117/><U131/><E124/><V27/><F111/><N who="3" m="42539" /><G118/><T102/><D39/><U40/><E131/><V37/><F12/><W129/><G129/><T119/><D119/><U26/><E26/><V30/><F27/><W75/><G17/><T95/><D70/><U80/><E50/><V41/><F24/><W29/><G29/><T4/><D130/><U63/><E63/><V64/><REACH who="2" step="1"/><F52/><REACH who="2" step="2"/><W133/><G54/><N who="0" m="32079" /><D122/><U1/><E1/><V72/><F72/><W85/><G75/><T106/><D106/><U57/><E15/><V21/><F21/><W123/><G123/><T93/><D102/><U105/><E107/><V67/><F67/><W112/><G133/><T86/><N who="0" m="23552" /><DORA hai="44" /><T113/><D113/><U125/><E105/><V126/><F126/><W114/><G112/><T99/><D99/><U68/><E125/><V48/><F48/><W116/><G114/><T34/><D34/><U90/><E97/><V87/><AGARI ba="0,1" hai="2,7,9,28,30,37,41,47,61,64,69,83,87,88" machi="87" ten="30,7900,0" yaku="1,1,0,1,52,1,54,1,53,0" doraHai="32,44" doraHaiUra="46,51" who="2" fromWho="2" sc="173,-20,250,-39,317,89,250,-20" /><INIT seed="2,0,0,1,0,135" ten="153,211,406,230" oya="2" hai0="79,59,96,82,25,85,65,75,63,20,23,119,28" hai1="36,131,114,7,35,91,105,97,2,12,108,121,102" hai2="101,19,46,127,56,21,70,100,118,38,84,29,15" hai3="133,134,3,76,33,30,0,125,60,104,18,81,27"/><V1/><F70/><W57/><G104/><T13/><D119/><U4/><E35/><V32/><F1/><W95/><G95/><T73/><D73/><U103/><E114/><V39/><F84/><W109/><G109/><T78/><D75/><U122/><E108/><V22/><F32/><W14/><G125/><T94/><D13/><U40/><E2/><V58/><F127/><W50/><G50/><T48/><D23/><U86/><E103/><V42/><F118/><W128/><G128/><T51/><REACH who="0" step="1"/><D79/><REACH who="0" step="2"/><U130/><E12/><V112/><F15/><W11/><G134/><T98/><D98/><U116/><E116/><V110/><F22/><W83/><G133/><T62/><D62/><U124/><E131/><V89/><F21/><W90/><G0/><T66/><D66/><U107/><E130/><V44/><F110/><W67/><G3/><T17/><D17/><U87/><E97/><V53/><F19/><W54/><G67/><T26/><D26/><U64/><E64/><V10/><F112/><W74/><G18/><T34/><D34/><U71/><E124/><V55/><F10/><W132/><G14/><T6/><D6/><U88/><E4/><V115/><F115/><W93/><G11/><T129/><D129/><U92/><E7/><V41/><F29/><W37/><G132/><T31/><D31/><U123/><E121/><V99/><F99/><W45/><G30/><T117/><D117/><U43/><E122/><V52/><F101/><AGARI ba="0,1" hai="20,25,28,48,51,59,63,65,78,82,85,94,96,101" machi="101" ten="30,8000,1" yaku="1,1,7,1,25,2,8,1,53,0" doraHai="135" doraHaiUra="69" who="0" fromWho="2" sc="143,90,211,0,406,-80,230,0" /><INIT seed="3,0,0,0,4,29" ten="233,211,326,230" oya="3" hai0="6,122,85,28,95,47,38,16,22,113,49,27,127" hai1="23,120,25,93,132,46,2,90,101,106,68,96,116" hai2="78,20,7,91,107,103,130,66,8,51,86,108,80" hai3="42,111,41,115,48,76,77,17,14,13,110,4,121"/><W35/><G121/><T62/><D122/><U45/><E120/><V64/><F108/><N who="3" m="41515" /><G115/><T70/><D38/><U117/><E68/><V39/><F39/><W63/><G63/><T131/><D113/><U89/><E2/><V99/><F130/><W124/><G124/><T36/><D36/><U105/><E132/><V82/><F20/><N who="3" m="11311" /><G35/><T3/><D62/><U21/><E21/><V112/><F51/><W56/><G4/><T55/><D70/><U44/><E105/><V135/><F135/><W72/><G14/><T67/><D67/><U74/><E74/><V40/><F40/><N who="3" m="15467" /><G72/><T134/><D127/><U88/><REACH who="1" step="1"/><E106/><REACH who="1" step="2"/><V125/><F125/><W5/><G5/><T81/><D6/><U37/><E37/><V50/><F112/><W71/><G71/><T31/><D134/><U129/><E129/><V52/><F7/><W0/><G0/><T126/><D3/><U128/><E128/><V123/><F123/><W118/><G118/><T75/><D131/><U92/><E92/><V26/><F107/><W34/><G34/><T12/><D126/><U133/><E133/><V69/><F69/><W43/><N who="3" m="15475" /><W83/><DORA hai="109" /><G83/><T94/><D75/><U114/><E114/><V10/><F82/><W73/><G73/><T87/><D95/><U33/><E33/><V32/><F80/><W58/><G58/><T15/><D94/><U84/><E84/><N who="0" m="32329" /><D81/><U30/><AGARI ba="0,1" hai="23,25,30,44,45,46,88,89,90,93,96,101,116,117" machi="30" ten="40,5200,0" yaku="1,1,0,1,54,1,53,0" doraHai="29,109" doraHaiUra="57,102" who="1" fromWho="1" sc="233,-13,201,62,326,-13,230,-26" owari="220,-18,263,6,313,42,204,-30" /></mjloggm>