<mjloggm ver="2.3"><GO type="169"/><UN n0="%E5%BB%89%E5%A4%AA%E9%83%8E" n1="%2D%61%76%61%74%61%72%2D" n2="%43%52%41%5A%59%42%45%45" n3="%E6%81%B5%E5%A4%AA%E9%83%8E%EF%BC%A0%E6%9D%B1%E4%BA%AC" dan="16,16,16,17" rate="2101,2188,2086,2196" sx="M,M,M,M"/><TAIKYOKU oya="0"/><INIT seed="0,0,0,3,3,23" ten="250,250,250,250" oya="0" hai0="48,31,129,109,34,119,40,11,88,97,45,122,87" hai1="55,50,30,28,21,115,1,16,111,89,46,126,53" hai2="81,32,27,112,39,63,73,70,60,134,65,14,125" hai3="36,102,38,22,98,71,41,104,116,54,57,133,95"/><T78/><D122/><U18/><E1/><V99/><F112/><W75/><G116/><T2/><D119/><U56/><E115/><V135/><F39/><W93/><G75/><T43/><D109/><U91/><E111/><V33/><F125/><W51/><G71/><T130/><D78/><U42/><E126/><V110/><F110/><W83/><G133/><N who="2" m="50697" /><F14/><W68/><G68/><T120/><D97/><U0/><E0/><V10/><F10/><W118/><G83/><T92/><D120/><U114/><E114/><V128/><F128/><N who="0" m="49258" /><D31/><N who="1" m="11819" /><E42/><V35/><F99/><W79/><G79/><T5/><D40/><U82/><E82/><V61/><F81/><W44/><G38/><T101/><D101/><U76/><E76/><V123/><F73/><W12/><G118/><T124/><D124/><U25/><E18/><V19/><F123/><W9/><G22/><AGARI ba="0,0" hai="19,22,27,32,33,35,60,61,63,65,70" m="50697" machi="22" ten="40,2600,0" yaku="20,1,52,1" doraHai="23" who="2" fromWho="3" sc="250,0,250,0,250,26,250,-26" /><INIT seed="1,0,0,1,5,126" ten="250,250,276,224" oya="1" hai0="16,127,62,101,131,114,25,45,125,53,58,17,83" hai1="46,56,91,23,118,99,119,122,33,30,41,116,14" hai2="94,54,69,103,22,133,70,134,18,86,36,44,105" hai3="68,38,92,8,32,67,3,60,47,31,7,117,43"/><U10/><E33/><V102/><F105/><W2/><G92/><T98/><D114/><U109/><E122/><V108/><F108/><W4/><G117/><T115/><D115/><U110/><E56/><V1/><F1/><W90/><G90/><T34/><D83/><U40/><E23/><V37/><F86/><W75/><G75/><T74/><D74/><U19/><E30/><V120/><F120/><W129/><G4/><T79/><D79/><U73/><E73/><V49/><F94/><W71/><G3/><T6/><D6/><U24/><E24/><V39/><F102/><W82/><G82/><T48/><D34/><U27/><E27/><V29/><F103/><W107/><G107/><T89/><D89/><U72/><E72/><V9/><F9/><W111/><G111/><N who="1" m="42506" /><E46/><V61/><F29/><W28/><G28/><T84/><D25/><U96/><E91/><V35/><F35/><W132/><G132/><N who="2" m="50793" /><F18/><W95/><G95/><N who="0" m="58591" /><D125/><U128/><E96/><V97/><F97/><W135/><G135/><T12/><D17/><U55/><E99/><V78/><F22/><W50/><G31/><T80/><D127/><U81/><E81/><V57/><F78/><W11/><G32/><T87/><D80/><U26/><E26/><V85/><F85/><W66/><G11/><N who="0" m="6175" /><D84/><U52/><E118/><V63/><F63/><W42/><G8/><T76/><D87/><U77/><E119/><V104/><F104/><W100/><G100/><T121/><D121/><U15/><E77/><V59/><F61/><W21/><G60/><T113/><D76/><U51/><E116/><RYUUKYOKU ba="0,0" sc="250,-10,250,-10,276,30,224,-10" hai2="36,37,39,44,49,54,57,59,69,70" /><INIT seed="2,1,0,5,2,38" ten="240,240,306,214" oya="2" hai0="101,43,97,10,78,67,50,127,45,87,124,91,82" hai1="12,0,109,36,116,14,132,48,52,90,34,47,42" hai2="24,120,85,95,119,75,107,27,102,73,68,33,19" hai3="117,41,2,16,103,86,125,39,111,71,121,118,76"/><V44/><F120/><W105/><G121/><T88/><D67/><U64/><E0/><V79/><F119/><W21/><G2/><T6/><D124/><U69/><E34/><V94/><F68/><W9/><G71/><T55/><D55/><U63/><E116/><V128/><F44/><W81/><G125/><T31/><D31/><U129/><E132/><V3/><F3/><W98/><G9/><T40/><D127/><U93/><E129/><V23/><F128/><W131/><G131/><T89/><D40/><U11/><E11/><V62/><F62/><W1/><G1/><T4/><REACH who="0" step="1"/><D10/><REACH who="0" step="2"/><U130/><E130/><V61/><F33/><W35/><G35/><T77/><D77/><U108/><E108/><V20/><F79/><W106/><G111/><T59/><D59/><N who="1" m="33159" /><E109/><V46/><F23/><W13/><REACH who="3" step="1"/><G106/><AGARI ba="1,1" hai="4,6,43,45,50,78,82,87,88,89,91,97,101,106" machi="106" ten="40,8000,1" yaku="1,1,52,1,54,1,53,1" doraHai="38" doraHaiUra="37" who="0" fromWho="3" sc="230,93,240,0,306,0,214,-83" /><INIT seed="3,0,0,1,0,129" ten="323,240,306,131" oya="3" hai0="125,98,86,11,119,85,88,55,72,35,112,70,34" hai1="104,19,22,57,33,130,5,28,105,97,58,41,133" hai2="17,78,101,81,115,49,59,123,24,106,77,110,27" hai3="124,21,2,18,50,38,128,42,20,108,37,74,91"/><W103/><G128/><T43/><D119/><U12/><E5/><V39/><F115/><W132/><G74/><T69/><D72/><U45/><E130/><V52/><F39/><W64/><G2/><T48/><D112/><U30/><E133/><V109/><F123/><W90/><G64/><T71/><D43/><U60/><E58/><V82/><F101/><W31/><G103/><T4/><D98/><U40/><E40/><V32/><F106/><W87/><G42/><T111/><D85/><U113/><E113/><V0/><F0/><W89/><G87/><T6/><D111/><N who="2" m="42506" /><F17/><W126/><G50/><T95/><D125/><N who="3" m="48233" /><G132/><T73/><D73/><U67/><E33/><V47/><F47/><W83/><G83/><N who="2" m="31753" /><F32/><W94/><G94/><T65/><D4/><U120/><E120/><V66/><F66/><W117/><G108/><T25/><D65/><U79/><E79/><AGARI ba="0,0" hai="24,27,49,52,59,77,78,79" m="31753,42506" machi="79" ten="30,2000,0" yaku="14,1,54,1" doraHai="129" who="2" fromWho="1" sc="323,0,240,-20,306,20,131,0" /><INIT seed="4,0,0,2,2,67" ten="323,220,326,131" oya="0" hai0="134,77,1,92,123,79,130,45,40,6,108,0,29" hai1="20,100,122,2,93,86,63,18,62,96,111,89,125" hai2="57,19,133,127,76,118,87,88,15,119,50,13,23" hai3="54,43,81,36,44,129,47,83,121,97,114,90,117"/><T38/><D123/><U65/><E2/><V69/><F76/><W60/><G117/><N who="2" m="44553" /><F133/><W3/><G3/><T74/><D134/><U124/><E122/><V8/><F127/><W32/><G32/><T25/><D77/><U42/><E42/><V55/><F69/><W24/><G121/><T53/><D0/><U64/><E111/><V110/><F110/><W4/><G4/><T128/><D108/><U61/><E124/><V91/><F87/><W52/><G114/><T26/><D53/><U17/><E17/><AGARI ba="0,0" hai="8,13,15,17,19,23,50,55,57,88,91" m="44553" machi="17" ten="30,2000,0" yaku="12,1,54,1" doraHai="67" who="2" fromWho="1" sc="323,0,220,-20,326,20,131,0" /><INIT seed="5,0,0,2,5,6" ten="323,200,346,131" oya="1" hai0="85,14,103,17,33,31,52,97,64,89,107,92,77" hai1="82,48,93,74,29,81,62,53,117,40,7,38,50" hai2="134,26,24,55,79,111,116,0,5,19,95,46,30" hai3="51,34,96,42,71,100,4,49,123,56,3,32,65"/><U131/><E38/><V88/><F111/><W104/><G123/><T21/><D64/><U27/><E117/><V73/><F116/><W110/><G110/><T47/><D33/><U102/><E131/><V43/><F55/><W87/><G71/><T83/><D31/><U109/><E109/><V61/><F61/><W16/><G4/><T120/><D120/><U23/><E74/><V22/><F134/><W118/><G3/><T11/><D21/><U101/><E7/><V13/><F0/><W18/><G118/><T86/><D86/><U121/><E121/><V59/><F59/><W36/><G36/><T37/><D37/><U80/><E93/><V41/><F5/><W2/><G2/><T115/><D115/><U126/><E126/><V125/><F125/><W130/><G87/><T45/><D107/><U114/><E114/><V128/><F128/><W127/><G130/><T63/><D103/><N who="1" m="39435" /><E40/><V9/><F26/><W66/><G127/><T35/><D35/><U132/><E132/><V39/><F43/><W10/><G42/><T20/><D20/><U54/><E62/><V105/><F105/><W57/><G104/><T69/><D69/><U8/><E8/><V1/><F1/><W129/><G100/><T133/><D133/><U15/><E15/><V12/><F13/><W76/><G129/><T78/><D77/><U60/><E60/><V91/><F95/><W44/><G76/><T106/><D106/><U67/><E67/><V108/><F108/><W124/><G124/><T25/><D25/><U135/><E135/><V70/><F70/><W119/><G119/><RYUUKYOKU ba="0,0" sc="323,10,200,10,346,10,131,-30" hai0="11,14,17,45,47,52,63,78,83,85,89,92,97" hai1="23,27,29,48,50,53,54,80,81,82" hai2="9,12,19,22,24,30,39,41,46,73,79,88,91" /><INIT seed="5,1,0,0,1,13" ten="333,210,356,101" oya="1" hai0="84,33,19,16,38,69,6,34,102,112,71,106,124" hai1="107,95,50,7,11,113,108,96,40,76,119,0,48" hai2="47,105,63,73,56,41,131,31,97,66,61,59,116" hai3="83,98,94,64,4,75,21,88,86,91,14,129,118"/><U134/><E107/><V30/><F116/><W99/><G118/><T27/><D6/><U20/><E119/><V43/><F73/><W130/><G64/><T104/><D38/><U28/><E108/><V26/><F131/><N who="3" m="50187" /><G4/><T122/><D27/><U90/><E113/><V22/><F31/><W80/><G14/><T68/><D112/><U72/><E134/><V117/><F117/><W36/><G21/><T24/><D24/><U126/><E126/><V103/><REACH who="2" step="1"/><F47/><REACH who="2" step="2"/><W15/><G36/><T100/><D124/><U101/><E72/><V37/><F37/><W8/><G75/><T49/><D122/><U9/><E76/><V12/><F12/><W135/><G135/><T42/><D84/><U10/><E0/><V121/><F121/><W120/><G120/><T18/><D42/><U81/><E7/><V133/><F133/><W60/><G60/><T65/><D49/><U2/><E2/><V1/><F1/><W82/><G15/><T79/><D79/><U39/><E40/><V62/><F62/><W52/><G8/><T85/><D85/><N who="1" m="50479" /><E39/><V109/><F109/><W123/><G123/><T78/><D78/><U55/><E48/><V23/><F23/><W115/><G115/><T46/><D46/><N who="1" m="28119" /><E20/><V74/><F74/><W3/><G3/><T51/><D51/><U70/><E28/><V77/><F77/><N who="3" m="46351" /><G52/><AGARI ba="1,1" hai="22,26,30,41,43,52,56,59,61,63,66,97,103,105" machi="52" ten="30,8000,1" yaku="1,1,7,1,54,1,53,2" doraHai="13" doraHaiUra="58" who="2" fromWho="3" sc="333,0,210,0,346,93,101,-83" /><INIT seed="6,0,0,0,2,47" ten="333,210,439,18" oya="2" hai0="72,14,40,15,122,13,27,106,16,91,52,32,114" hai1="119,110,50,74,112,30,53,113,3,57,68,9,23" hai2="127,12,36,124,105,0,6,59,135,51,45,49,98" hai3="43,129,7,21,117,26,58,73,31,89,93,103,60"/><V71/><F0/><W88/><G117/><T48/><D122/><U19/><E74/><V56/><F71/><W131/><G73/><T62/><D114/><U92/><E68/><V115/><F115/><W11/><G43/><T81/><D106/><U10/><E110/><V102/><F135/><W77/><G77/><T69/><D40/><U126/><E119/><V100/><F36/><W1/><G131/><T104/><D104/><U75/><E75/><V133/><F133/><W18/><G129/><T67/><D32/><U55/><E30/><V5/><F105/><W109/><G109/><T80/><D72/><U90/><E3/><V2/><F2/><W121/><G121/><T37/><D37/><U38/><E38/><V25/><F45/><W22/><G103/><T33/><D91/><U94/><E94/><V108/><F108/><W24/><REACH who="3" step="1"/><G93/><REACH who="3" step="2"/><T79/><D79/><U132/><E113/><V46/><F102/><W17/><G17/><T101/><D101/><U65/><E112/><V44/><F100/><W116/><G116/><T64/><D16/><U8/><E92/><V34/><F5/><W84/><G84/><T134/><D134/><U70/><E132/><V35/><F6/><W118/><G118/><T4/><D4/><U78/><E78/><V42/><F42/><W86/><G86/><T111/><D111/><U95/><E95/><V28/><F127/><W87/><G87/><T20/><D80/><U82/><E126/><V66/><F124/><W39/><G39/><T128/><D81/><U125/><E82/><V54/><F28/><W85/><G85/><RYUUKYOKU ba="0,1" sc="333,-10,210,-10,439,-10,8,30" hai3="1,7,11,18,21,22,24,26,31,58,60,88,89" /><INIT seed="7,1,1,2,1,70" ten="323,200,429,38" oya="3" hai0="15,111,50,66,77,13,68,122,37,86,100,135,79" hai1="43,105,69,5,51,24,72,41,27,30,31,25,4" hai2="80,85,92,48,119,110,23,115,71,91,93,97,107" hai3="39,112,61,12,118,106,82,127,21,132,99,47,40"/><W20/><G118/><T59/><D122/><U33/><E69/><V63/><F119/><W44/><G127/><T38/><D111/><U74/><E105/><V64/><F110/><W87/><G132/><T58/><D135/><U116/><E51/><V60/><F115/><W26/><G112/><T78/><D100/><U1/><E116/><V129/><F129/><W101/><G61/><T126/><D86/><U19/><E19/><V36/><F36/><N who="0" m="13930" /><D68/><U84/><E84/><V10/><F10/><W95/><G47/><T113/><D50/><U73/><E33/><V2/><F2/><W75/><G12/><N who="0" m="4683" /><D113/><U46/><E46/><V121/><F121/><W114/><G114/><T45/><D45/><U104/><E104/><V55/><F63/><W133/><G133/><T28/><D28/><U56/><E56/><N who="0" m="21545" /><D66/><U57/><E57/><V54/><F107/><W3/><G3/><T130/><D130/><U35/><E35/><V89/><F48/><W67/><G67/><T8/><D8/><U34/><E34/><V6/><F64/><W49/><G26/><T32/><D32/><U134/><E1/><V94/><F71/><W102/><G49/><T109/><D109/><U128/><E128/><V18/><F60/><W90/><G102/><T103/><D126/><U29/><REACH who="1" step="1"/><E134/><REACH who="1" step="2"/><V65/><F65/><W98/><G98/><T22/><D22/><U7/><AGARI ba="1,2" hai="4,5,7,24,25,27,29,30,31,41,43,72,73,74" machi="7" ten="50,32000,5" yakuman="40" doraHai="70" doraHaiUra="96" who="1" fromWho="1" sc="323,-81,190,343,429,-81,38,-161" owari="242,-16,533,63,348,15,-123,-62" /></mjloggm>