<mjloggm ver="2.3"><GO type="225"/><UN n0="%E3%81%B3%E3%82%8A%E3%81%B3%E3%82%8A%E2%98%86%E3%83%93%E3%83%AA%E3%83%BC" n1="%E3%83%9E%E3%83%BC%E3%82%AF%EF%BC%92" n2="%E6%A1%9C%E7%8E%8B%E5%A5%B3" n3="%61%61%33%31%39%33" dan="16,17,17,16" rate="2161,2107,2186,2115" sx="M,M,F,F"/><TAIKYOKU oya="0"/><INIT seed="0,0,0,1,0,56" ten="250,250,250,250" oya="0" hai0="39,68,38,97,127,19,4,66,88,131,119,47,14" hai1="98,76,79,46,13,21,34,117,124,55,114,104,62" hai2="57,118,51,70,18,102,94,15,95,133,121,44,100" hai3="6,1,78,50,64,108,52,91,37,77,106,17,89"/><T48/><D119/><U53/><E34/><V33/><F70/><W74/><G106/><T112/><D112/><U85/><E117/><V16/><F121/><W7/><G37/><T5/><D131/><U90/><E114/><V71/><F71/><W81/><G108/><T75/><D127/><U40/><E124/><V101/><F33/><W2/><G64/><T60/><D75/><U54/><E104/><V126/><F118/><W132/><G132/><T96/><D39/><U128/><E98/><V115/><F115/><W129/><G129/><T11/><D38/><U61/><E128/><V25/><F126/><W67/><G67/><T92/><REACH who="0" step="1"/><D96/><REACH who="0" step="2"/><U45/><E79/><N who="3" m="30218" /><G74/><T43/><AGARI ba="0,1" hai="4,5,11,14,19,43,47,48,60,66,68,88,92,97" machi="43" ten="20,18000,2" yaku="1,1,0,1,7,1,52,1,54,1,53,1" doraHai="56" doraHaiUra="65" who="0" fromWho="0" sc="240,190,250,-60,250,-60,250,-60" /><INIT seed="0,1,0,1,3,19" ten="430,190,190,190" oya="0" hai0="20,14,113,130,58,98,34,79,99,38,51,28,22" hai1="74,23,116,88,134,47,39,101,1,9,87,40,0" hai2="62,24,117,96,124,25,95,108,35,82,72,104,119" hai3="53,77,49,36,17,76,125,44,10,94,123,135,121"/><T71/><D113/><U132/><E116/><N who="2" m="44619" /><F104/><W85/><G135/><N who="1" m="51754" /><E74/><V55/><F35/><W68/><G125/><T6/><D38/><U102/><E9/><V92/><F108/><W48/><G68/><T112/><D71/><U69/><E69/><V3/><F3/><N who="1" m="1097" /><E23/><N who="0" m="8745" /><D34/><U131/><E131/><V54/><F92/><AGARI ba="1,0" hai="39,40,47,87,88,92,101,102" m="1097,51754" machi="92" ten="30,2000,0" yaku="20,1,54,1" doraHai="19" who="1" fromWho="2" sc="430,0,190,23,190,-23,190,0" /><INIT seed="1,0,0,0,1,131" ten="430,213,167,190" oya="1" hai0="93,111,27,77,79,18,41,96,7,37,1,104,112" hai1="29,36,39,19,40,114,128,118,10,51,15,119,126" hai2="74,26,50,117,90,65,5,113,33,75,66,6,3" hai3="106,89,97,72,31,11,45,95,42,98,30,13,91"/><U60/><E114/><V2/><F117/><W21/><G72/><T73/><D111/><U23/><E128/><V53/><F26/><W123/><G123/><T35/><D104/><U64/><E126/><V59/><F33/><W84/><G106/><T25/><D25/><U135/><E135/><V103/><F103/><W12/><G21/><T32/><D32/><U127/><E127/><V34/><F34/><W24/><G24/><T76/><D18/><U38/><E29/><V69/><F113/><W9/><G45/><N who="0" m="23727" /><D27/><U28/><E28/><V56/><F69/><W49/><G42/><T132/><D35/><U63/><E23/><V14/><F14/><W82/><G49/><T20/><D20/><U125/><E125/><V83/><F50/><W85/><G95/><T124/><D112/><U105/><E105/><V47/><F47/><W68/><G68/><T80/><D132/><U107/><E107/><V99/><F83/><AGARI ba="0,0" hai="9,11,12,13,30,31,82,83,84,85,89,91,97,98" machi="83" ten="25,3200,0" yaku="22,2,8,1" doraHai="131" who="3" fromWho="2" sc="430,0,213,0,167,-32,190,32" /><INIT seed="2,0,0,4,5,95" ten="430,213,135,222" oya="2" hai0="92,115,33,51,17,86,48,8,7,122,78,105,22" hai1="119,54,53,68,82,12,94,59,19,90,31,40,13" hai2="56,50,21,132,42,124,99,96,107,73,29,6,5" hai3="103,47,2,64,71,38,80,18,118,57,125,55,37"/><V110/><F107/><W130/><G2/><T26/><D115/><U88/><E68/><V62/><F73/><W123/><G103/><T131/><D105/><U58/><E119/><V61/><F110/><W69/><G18/><T127/><D127/><U20/><E40/><V129/><F124/><W112/><G80/><T52/><D122/><U75/><E31/><V39/><F39/><N who="3" m="14859" /><G125/><T109/><D131/><U16/><E75/><V77/><F77/><W35/><G35/><T134/><D134/><U116/><E116/><V120/><F120/><W27/><G27/><T85/><D33/><U30/><E30/><V128/><F132/><W89/><G89/><N who="1" m="34410" /><E94/><V46/><F128/><W117/><G123/><T113/><D113/><U24/><E82/><V25/><F129/><W111/><G130/><T91/><D109/><U106/><E106/><V83/><F83/><W102/><G111/><T100/><D100/><U65/><E65/><N who="2" m="39079" /><F62/><N who="3" m="37967" /><G102/><T45/><D78/><U60/><E19/><V84/><F84/><W14/><G14/><N who="0" m="5407" /><D85/><U133/><E133/><V74/><F74/><W114/><G117/><T28/><D17/><U0/><E0/><V101/><F101/><W70/><G118/><T10/><D10/><U79/><E79/><V44/><F44/><W41/><G55/><T3/><D3/><U108/><E108/><V9/><F5/><W97/><G47/><T104/><D104/><U43/><E43/><V76/><F76/><W87/><G41/><T81/><D81/><U121/><E121/><V126/><F126/><W11/><G112/><T135/><D135/><U36/><E36/><RYUUKYOKU ba="0,0" sc="430,10,213,10,135,10,222,-30" hai0="22,26,28,45,48,51,52,86,91,92" hai1="12,13,16,20,24,53,54,58,59,60" hai2="6,9,21,25,29,42,46,50,96,99" /><INIT seed="2,1,0,2,2,47" ten="440,223,145,192" oya="2" hai0="80,34,103,135,56,65,119,116,85,104,99,127,72" hai1="1,22,133,37,105,5,20,73,106,67,124,52,112" hai2="107,18,83,109,96,129,98,35,117,84,45,89,41" hai3="31,128,125,8,51,122,23,100,25,10,66,43,3"/><V36/><F117/><N who="0" m="45130" /><D135/><U53/><E37/><V26/><F129/><W88/><G128/><T120/><D120/><U15/><E73/><V54/><F109/><W121/><G125/><T130/><D130/><U93/><E112/><V90/><F107/><W82/><G100/><T101/><D34/><U61/><E133/><V113/><F113/><W74/><G3/><T9/><D9/><N who="3" m="3689" /><G74/><T11/><D11/><U75/><E75/><V86/><F54/><W92/><G122/><T76/><D103/><U87/><E53/><V0/><F0/><W78/><G66/><T38/><D38/><U126/><E67/><V24/><F18/><W114/><G114/><T33/><D33/><U68/><E1/><V30/><REACH who="2" step="1"/><F26/><REACH who="2" step="2"/><W19/><G121/><T97/><D104/><U77/><E106/><V79/><F79/><W64/><G19/><T49/><D76/><U12/><E105/><V60/><F60/><W57/><G78/><T14/><D65/><U63/><E77/><V94/><AGARI ba="1,1" hai="24,30,35,36,41,45,83,84,86,89,90,94,96,98" machi="94" ten="20,3900,0" yaku="1,1,0,1,7,1,53,0" doraHai="47" doraHaiUra="108" who="2" fromWho="2" sc="440,-14,223,-14,135,52,192,-14" /><INIT seed="2,2,0,1,1,0" ten="426,209,187,178" oya="2" hai0="20,105,14,8,28,73,66,1,52,21,82,113,31" hai1="86,77,9,109,104,47,122,117,11,90,89,37,87" hai2="97,69,114,12,118,106,75,95,76,68,43,5,15" hai3="26,36,98,53,123,55,6,40,80,85,19,100,22"/><V107/><F114/><W62/><G123/><T112/><D105/><U65/><E117/><V128/><F118/><W134/><G134/><T63/><D1/><U45/><E104/><V41/><F76/><W57/><G36/><T51/><D73/><U44/><E37/><V129/><F75/><W83/><G40/><T130/><D82/><N who="1" m="47439" /><E122/><V61/><F61/><W59/><G6/><T108/><D108/><U56/><E109/><V79/><F79/><W30/><G85/><T120/><D120/><U49/><E90/><V50/><F50/><W124/><G124/><T60/><D66/><U88/><E89/><V102/><F95/><W103/><G30/><N who="0" m="11307" /><D130/><N who="2" m="50282" /><F15/><W3/><G3/><T13/><D14/><U2/><E2/><V25/><F25/><W35/><G35/><T74/><D74/><U119/><E119/><V93/><F106/><W99/><G99/><T23/><D113/><U81/><E65/><V96/><F96/><W18/><G18/><N who="0" m="8487" /><D112/><U72/><E72/><V125/><F125/><W27/><G27/><T111/><D111/><U34/><E34/><V84/><F84/><W94/><REACH who="3" step="1"/><G103/><REACH who="3" step="2"/><T46/><AGARI ba="2,1" hai="20,21,23,46,51,52,60,63" m="8487,11307" machi="46" ten="30,2000,0" yaku="8,1,54,1" doraHai="0" who="0" fromWho="0" sc="426,36,209,-7,187,-12,168,-7" /><INIT seed="3,0,0,0,2,120" ten="462,202,175,161" oya="3" hai0="116,88,99,6,51,31,62,14,117,114,133,33,104" hai1="128,4,10,86,125,131,70,28,53,95,72,100,87" hai2="83,107,121,34,118,55,112,25,127,21,80,54,63" hai3="11,96,45,35,7,134,67,97,3,75,27,5,129"/><W52/><G134/><T85/><D133/><U105/><E72/><V102/><F118/><W98/><G129/><N who="1" m="49738" /><E125/><V17/><F112/><W69/><G75/><T77/><D114/><U46/><E70/><V78/><F121/><W1/><G67/><T124/><D62/><U130/><E130/><V56/><F34/><W37/><G69/><T39/><D51/><N who="1" m="28919" /><E105/><V26/><F107/><W106/><G106/><T65/><D99/><N who="1" m="59519" /><E28/><V16/><F127/><W0/><G11/><T115/><D33/><U90/><E90/><V18/><F102/><W49/><REACH who="3" step="1"/><G37/><REACH who="3" step="2"/><T44/><D39/><U103/><E103/><V19/><F25/><W79/><G79/><T48/><D77/><U109/><E109/><V58/><F78/><W101/><G101/><T123/><D104/><U29/><E29/><AGARI ba="0,1" hai="0,1,3,5,7,27,29,35,45,49,52,96,97,98" machi="29" ten="50,4800,0" yaku="1,1,54,1,53,0" doraHai="120" doraHaiUra="71" who="3" fromWho="1" sc="462,0,202,-48,175,0,151,58" /><INIT seed="3,1,0,2,1,97" ten="462,154,175,209" oya="3" hai0="123,93,19,45,28,91,99,39,134,76,15,125,124" hai1="27,81,83,128,79,41,112,26,135,120,84,85,30" hai2="63,11,75,80,66,86,3,29,32,53,102,58,61" hai3="55,62,54,100,6,71,60,119,69,20,59,89,106"/><W12/><G119/><T94/><D123/><U129/><E120/><V88/><F75/><W33/><G33/><T49/><D39/><U40/><E112/><V42/><F42/><W132/><G132/><T44/><D134/><U90/><E135/><V25/><F102/><W57/><G89/><T107/><D107/><U1/><E1/><V37/><F37/><W122/><G122/><T117/><D117/><U78/><E90/><V47/><F47/><W8/><G20/><N who="0" m="11391" /><D76/><U113/><E113/><V74/><F74/><W35/><G35/><T24/><D94/><U46/><E46/><V64/><F3/><W96/><AGARI ba="1,0" hai="6,8,12,54,55,57,59,60,62,69,71,96,100,106" machi="96" ten="30,6000,0" yaku="0,1,9,1,52,1" doraHai="97" who="3" fromWho="3" sc="462,-21,154,-21,175,-21,209,63" /><INIT seed="3,2,0,3,0,118" ten="441,133,154,272" oya="3" hai0="56,91,127,5,16,9,17,119,117,48,82,11,123" hai1="88,39,108,44,32,23,24,77,132,47,57,112,120" hai2="109,107,33,27,55,96,1,10,59,74,34,52,81" hai3="128,75,110,115,18,25,111,21,114,35,87,36,19"/><W62/><G36/><T121/><D123/><U15/><E120/><V26/><F74/><W51/><G75/><T106/><D121/><U63/><E112/><N who="3" m="43050" /><G62/><T29/><D106/><U6/><E77/><V12/><F81/><W66/><G51/><T28/><D119/><U103/><E103/><V89/><F1/><W125/><G87/><N who="0" m="50679" /><D117/><U99/><E132/><V134/><F134/><W70/><G66/><T101/><D101/><U100/><E100/><V22/><F107/><W43/><G70/><T68/><D68/><U126/><E126/><V69/><F69/><W72/><G43/><T7/><D127/><U90/><E108/><N who="3" m="41514" /><G72/><T76/><D48/><U135/><E135/><V54/><F109/><W41/><G41/><T60/><D76/><U64/><E39/><V133/><F133/><W42/><G42/><T83/><D83/><U80/><E32/><V93/><F33/><W86/><G86/><T2/><D2/><U20/><E80/><V45/><F34/><W129/><G35/><T105/><D105/><U79/><E79/><V67/><F67/><W122/><G125/><T37/><D37/><U95/><E90/><V58/><F89/><W40/><G40/><T61/><D61/><U0/><E0/><V131/><F96/><W73/><G122/><T8/><D56/><U31/><E6/><N who="0" m="2057" /><D60/><U30/><E30/><AGARI ba="2,0" hai="8,9,11,16,17,28,29,30" m="2057,50679" machi="30" ten="30,2000,0" yaku="8,1,54,1" doraHai="118" who="0" fromWho="1" sc="441,26,133,-26,154,0,272,0" owari="467,57,107,-39,154,-25,272,7" /></mjloggm>