<mjloggm ver="2.3"><GO type="225"/><UN n0="%E9%9D%92%E5%B1%B1%E5%AD%A6%E9%99%A2%EF%BC%94%E5%B9%B4" n1="%E9%85%8D%E5%9B%9E%E9%99%8D%E6%B5%81" n2="%E3%82%86%E3%82%86" n3="%E3%81%BF%E3%81%A3%E3%81%A4%E3%81%83%EF%BD%9E" dan="17,16,16,17" rate="2065,2110,2014,2120" sx="F,M,M,F"/><TAIKYOKU oya="0"/><INIT seed="0,0,0,3,2,123" ten="250,250,250,250" oya="0" hai0="35,105,46,99,40,104,132,133,127,25,130,96,24" hai1="111,34,120,21,85,70,106,89,64,100,22,16,37" hai2="17,54,103,5,61,80,79,9,71,128,18,73,12" hai3="44,76,126,83,97,129,66,4,57,51,68,91,95"/><T124/><D35/><U90/><E120/><V52/><F128/><W58/><G129/><T119/><D119/><U8/><E34/><V49/><F103/><W116/><G116/><T114/><D130/><U30/><E37/><V115/><F115/><W86/><G126/><N who="0" m="48171" /><D114/><U56/><E70/><V92/><F92/><W122/><G122/><T125/><N who="0" m="48179" /><T50/><DORA hai="67" /><D99/><U14/><E111/><V112/><F112/><W77/><G4/><T135/><D96/><U113/><E113/><V87/><F73/><W39/><G39/><T62/><D62/><N who="1" m="37959" /><E106/><AGARI ba="0,0" hai="24,25,40,46,50,104,105,106,132,133,135" m="48179" machi="106" ten="50,4800,0" yaku="20,1,18,1" doraHai="123,67" who="0" fromWho="1" sc="250,48,250,-48,250,0,250,0" /><INIT seed="0,1,0,0,0,36" ten="298,202,250,250" oya="0" hai0="83,41,56,32,48,114,12,37,9,128,125,35,98" hai1="131,53,29,18,33,118,102,28,40,135,105,26,124" hai2="22,77,15,8,19,67,44,87,50,0,66,117,59" hai3="24,73,17,71,99,88,10,109,34,89,38,81,108"/><T126/><D114/><U21/><E118/><V112/><F112/><W3/><G71/><T134/><D37/><U68/><E124/><N who="0" m="47721" /><D128/><U74/><E74/><V115/><F115/><W69/><G69/><T65/><D134/><U47/><E135/><V27/><F117/><W94/><G34/><N who="0" m="12843" /><D83/><U129/><E68/><V14/><F0/><W16/><G89/><T100/><D65/><U1/><E1/><V2/><F2/><W49/><G38/><T107/><D56/><U78/><E129/><V42/><F59/><W5/><G49/><T122/><D122/><U43/><E131/><V54/><F54/><W106/><G106/><T4/><D48/><U55/><E105/><V127/><F127/><W101/><G24/><T121/><D121/><U20/><E33/><V52/><F27/><W30/><G30/><N who="1" m="11882" /><E102/><V123/><F123/><W23/><G101/><T45/><D45/><U11/><E78/><V93/><F77/><N who="3" m="44207" /><G23/><N who="1" m="8778" /><E26/><V80/><F22/><W61/><G61/><T113/><D113/><U46/><E46/><V119/><F119/><W111/><AGARI ba="1,0" hai="3,5,10,16,17,88,94,99,108,109,111" m="44207" machi="111" ten="30,4000,0" yaku="14,1,54,2" doraHai="36" who="3" fromWho="3" sc="298,-21,202,-11,250,-11,250,43" /><INIT seed="1,0,0,3,5,118" ten="277,191,239,293" oya="1" hai0="52,65,123,129,63,49,126,61,69,30,77,62,71" hai1="117,131,86,34,58,55,90,80,46,97,98,48,95" hai2="100,94,109,4,92,124,116,57,2,107,91,133,67" hai3="25,17,79,121,113,108,6,135,115,33,103,101,15"/><U19/><E117/><V51/><F116/><W128/><G79/><T87/><D30/><U120/><E131/><V26/><F133/><W36/><G36/><T31/><D31/><U132/><E132/><V40/><F124/><W24/><G135/><T112/><D112/><U47/><E34/><V73/><F73/><W110/><G128/><T11/><D129/><U32/><E32/><V85/><F26/><N who="3" m="10347" /><G33/><T59/><D126/><U99/><E120/><V105/><F109/><N who="3" m="42091" /><G121/><T82/><D123/><U7/><E7/><V88/><F100/><N who="3" m="38475" /><G6/><T28/><D28/><U122/><E122/><V96/><F4/><W20/><AGARI ba="0,0" hai="15,17,20,113,115" m="38475,42091,10347" machi="20" ten="30,1100,0" yaku="14,1" doraHai="118" who="3" fromWho="3" sc="277,-3,191,-5,239,-3,293,11" /><INIT seed="2,0,0,0,5,23" ten="274,186,236,304" oya="2" hai0="130,98,1,42,52,14,17,54,12,113,127,109,97" hai1="131,117,95,3,53,115,32,37,21,79,107,93,63" hai2="25,50,13,105,22,119,122,69,71,36,86,102,67" hai3="55,78,116,121,16,9,59,91,82,57,132,125,124"/><V7/><F122/><W83/><G116/><T96/><D1/><U90/><E107/><V31/><F36/><W0/><G121/><T89/><D113/><U20/><E115/><V44/><F119/><W77/><G0/><T87/><D109/><U2/><E117/><V46/><F86/><N who="3" m="50655" /><G132/><T4/><D127/><N who="3" m="48713" /><G55/><T104/><D104/><U26/><E37/><V75/><F75/><W92/><G92/><N who="0" m="54335" /><D42/><U129/><E79/><V38/><F38/><W43/><G43/><T114/><D114/><U58/><E32/><V18/><F7/><W56/><G82/><T120/><D120/><U39/><E39/><V85/><F85/><W108/><G108/><T118/><D118/><U134/><E134/><V74/><F74/><W65/><G65/><T60/><D60/><U35/><E35/><V45/><F67/><W68/><G68/><T88/><D4/><U6/><E6/><V123/><F123/><W73/><G73/><T51/><D130/><N who="1" m="49675" /><E20/><V99/><REACH who="2" step="1"/><F50/><REACH who="2" step="2"/><W70/><G70/><T40/><D51/><U10/><E2/><V34/><AGARI ba="0,1" hai="13,18,22,25,31,34,44,45,46,69,71,99,102,105" machi="34" ten="30,12000,1" yaku="1,1,2,1,0,1,52,1,53,1" doraHai="23" doraHaiUra="8" who="2" fromWho="2" sc="274,-40,186,-40,226,130,304,-40" /><INIT seed="2,1,0,5,3,124" ten="234,146,356,264" oya="2" hai0="65,129,83,14,126,76,2,55,3,56,115,131,79" hai1="90,31,75,10,9,61,13,45,28,128,102,113,127" hai2="64,32,86,109,18,12,84,60,117,15,68,41,62" hai3="33,100,78,101,114,16,54,133,93,44,87,27,59"/><V98/><F117/><W49/><G133/><T58/><D115/><U63/><E113/><V25/><F109/><W5/><G114/><T74/><D126/><U35/><E127/><V26/><F41/><W88/><G33/><T72/><D14/><U92/><E75/><V48/><F48/><W17/><G5/><T89/><D89/><U91/><E35/><V71/><F32/><W19/><G27/><T80/><D55/><U57/><E45/><V40/><F40/><W97/><G44/><T85/><D85/><U8/><E13/><V82/><F98/><W4/><G4/><T121/><D65/><U108/><E108/><V20/><F82/><AGARI ba="1,0" hai="16,17,19,49,54,59,78,82,87,88,93,97,100,101" machi="82" ten="40,5200,0" yaku="8,1,54,2" doraHai="124" who="3" fromWho="2" sc="234,0,146,0,356,-55,264,55" /><INIT seed="3,0,0,1,1,31" ten="234,146,301,319" oya="3" hai0="102,100,128,73,26,6,3,80,34,19,70,109,22" hai1="101,84,14,63,68,4,7,48,23,25,65,5,42" hai2="62,36,116,10,56,92,57,1,54,66,37,64,124" hai3="76,38,106,110,50,120,98,28,60,104,130,86,59"/><W18/><G38/><N who="2" m="14953" /><F92/><W49/><G120/><T103/><D70/><U29/><E101/><V115/><F10/><W95/><G28/><T43/><D109/><U9/><E42/><V55/><F1/><W12/><G106/><T82/><D128/><U135/><E135/><V79/><F79/><W17/><G104/><T75/><D43/><U74/><E74/><V44/><F116/><W15/><G110/><T90/><D34/><U94/><E68/><N who="2" m="42007" /><F115/><W108/><G130/><T11/><D90/><U13/><E48/><N who="3" m="18538" /><G108/><T93/><REACH who="0" step="1"/><D93/><REACH who="0" step="2"/><U72/><E72/><AGARI ba="0,1" hai="3,6,11,19,22,26,72,73,75,80,82,100,102,103" machi="72" ten="40,2600,0" yaku="1,1,2,1,53,0" doraHai="31" doraHaiUra="89" who="0" fromWho="1" sc="224,36,146,-26,301,0,319,0" owari="260,-14,120,-38,301,10,319,42" /></mjloggm>