<mjloggm ver="2.3"><GO type="225"/><UN n0="%E3%81%B3%E3%82%8A%E3%81%B3%E3%82%8A%E2%98%86%E3%83%93%E3%83%AA%E3%83%BC" n1="%74%6F%62%69%75%6F%34%37" n2="%E3%81%B4%E3%83%BC%E3%81%99%E3%81%91%E3%81%95%E3%82%93" n3="%E6%9C%AC%E7%89%A9%E5%A5%B3%E5%AD%90%E9%AB%98%E7%94%9F" dan="16,16,16,17" rate="2131,2018,2103,2096" sx="M,M,F,F"/><TAIKYOKU oya="0"/><INIT seed="0,0,0,2,1,132" ten="250,250,250,250" oya="0" hai0="88,9,59,34,33,50,128,92,45,22,16,74,89" hai1="20,29,96,1,38,2,0,54,126,116,101,57,82" hai2="125,91,113,11,18,23,73,30,114,127,28,26,115" hai3="58,15,69,55,133,7,24,66,110,52,99,72,63"/><T117/><D117/><U120/><E120/><V112/><F73/><W106/><G72/><T10/><D74/><U42/><E116/><V35/><F91/><W134/><G110/><T83/><D128/><U79/><E126/><N who="2" m="48139" /><F11/><N who="0" m="4106" /><D33/><U13/><E42/><V17/><N who="2" m="28672" /><DORA hai="70" /><V86/><F86/><W129/><G99/><N who="0" m="57735" /><D59/><U21/><E38/><V36/><F36/><W62/><G58/><T94/><D34/><U100/><E100/><V46/><F46/><W67/><G69/><T47/><D50/><U43/><E43/><V65/><F65/><W104/><G66/><T14/><D83/><U95/><E82/><V105/><F105/><W75/><G67/><T8/><N who="0" m="4114" /><T124/><DORA hai="5" /><D124/><U108/><E101/><V64/><F64/><W25/><G75/><T111/><D111/><U102/><E108/><V77/><F77/><W31/><G104/><T61/><D61/><BYE who="0" /><U121/><E79/><V131/><F131/><W78/><G106/><T98/><D98/><U97/><E97/><V85/><F85/><W56/><G78/><T123/><D123/><U76/><E76/><V4/><F4/><UN n0="%E3%81%B3%E3%82%8A%E3%81%B3%E3%82%8A%E2%98%86%E3%83%93%E3%83%AA%E3%83%BC" /><W87/><G7/><T135/><D135/><U81/><E121/><V122/><F122/><W53/><G129/><T41/><D41/><U3/><E81/><V40/><F40/><W12/><G133/><T80/><D80/><U6/><E6/><V44/><F44/><W39/><G134/><T37/><D37/><U103/><E103/><V119/><F119/><W19/><G39/><T60/><D60/><U107/><E107/><V90/><F35/><N who="3" m="20967" /><G62/><T109/><D109/><RYUUKYOKU ba="0,0" sc="250,30,250,-10,250,-10,250,-10" hai0="14,16,22,45,47,89,94" /><INIT seed="0,1,0,3,0,17" ten="280,240,240,240" oya="0" hai0="70,97,3,36,88,102,39,52,53,6,57,78,54" hai1="125,84,7,12,83,34,114,60,127,30,48,9,32" hai2="47,18,63,111,2,50,109,20,42,96,44,92,24" hai3="4,131,76,49,132,27,51,11,0,28,110,69,94"/><T82/><D70/><U130/><E130/><V75/><F2/><W112/><G112/><T81/><D81/><U73/><E73/><V67/><F75/><W8/><G131/><T45/><D3/><U62/><E114/><V85/><F85/><W133/><G69/><T101/><D6/><U19/><E48/><V35/><F35/><N who="1" m="13353" /><E30/><V119/><F44/><W90/><G76/><T65/><D39/><U122/><E7/><V95/><F119/><W56/><G8/><T113/><D113/><U15/><E15/><V68/><REACH who="2" step="1"/><F96/><REACH who="2" step="2"/><W107/><G0/><T66/><D45/><U116/><E116/><V14/><F14/><W37/><G133/><T124/><D97/><U64/><E127/><V74/><F74/><W91/><G132/><T31/><D124/><U118/><E125/><V55/><F55/><W33/><G33/><T40/><D52/><U58/><E118/><V10/><F10/><W38/><G11/><T99/><D53/><U106/><E12/><V43/><F43/><W98/><G98/><T26/><D40/><U108/><E9/><V25/><F25/><W103/><G27/><T71/><D54/><U117/><E84/><V126/><F126/><W61/><G61/><T77/><D99/><U59/><E62/><V120/><F120/><W105/><G110/><AGARI ba="1,1" hai="18,20,24,42,47,50,63,67,68,92,95,109,110,111" machi="110" ten="40,5200,0" yaku="1,1,14,1,52,1,53,0" doraHai="17" doraHaiUra="72" who="2" fromWho="3" sc="280,0,240,0,230,65,240,-55" /><INIT seed="1,0,0,4,2,6" ten="280,240,295,185" oya="1" hai0="49,91,116,24,72,113,32,84,104,33,39,44,16" hai1="106,64,50,93,130,134,124,82,48,92,133,96,71" hai2="59,4,77,111,52,20,122,40,0,76,17,46,83" hai3="74,120,55,54,118,27,21,79,123,131,10,28,75"/><U101/><E71/><V99/><F122/><W15/><G131/><T9/><D113/><U12/><E64/><V117/><F117/><W80/><G74/><T105/><D72/><U38/><E38/><V30/><F30/><W7/><REACH who="3" step="1"/><G118/><REACH who="3" step="2"/><T41/><D116/><U37/><E130/><V125/><F111/><W132/><G132/><T129/><D129/><U128/><E128/><V25/><F125/><W69/><G69/><T88/><D33/><U8/><E124/><V45/><F40/><W87/><G87/><T108/><D84/><U94/><E37/><V109/><F99/><W19/><G19/><T90/><D39/><U13/><E134/><V14/><F109/><W3/><G3/><T121/><D108/><U35/><E133/><V11/><F0/><W62/><G62/><T86/><D86/><U43/><E43/><V98/><F98/><W29/><G29/><T42/><D41/><U53/><E48/><N who="2" m="31111" /><F83/><W115/><G115/><T65/><D42/><U58/><E82/><V63/><F63/><W57/><G57/><T34/><D34/><U110/><E110/><V100/><F100/><W70/><G70/><T119/><D32/><U135/><E135/><V89/><F89/><W81/><G81/><T66/><D91/><U1/><REACH who="1" step="1"/><E35/><REACH who="1" step="2"/><V114/><F114/><W36/><G36/><T5/><D119/><U127/><E127/><V68/><F68/><W103/><G103/><T107/><D90/><U112/><E112/><V26/><F77/><W56/><G56/><T18/><D88/><U2/><E2/><N who="2" m="407" /><F76/><W23/><G23/><T126/><D126/><RYUUKYOKU ba="0,2" sc="280,-30,230,10,295,10,175,10" hai1="1,8,12,13,50,53,58,92,93,94,96,101,106" hai2="14,17,20,25,26,45,46" hai3="7,10,15,21,27,28,54,55,75,79,80,120,123" /><INIT seed="1,1,2,1,0,68" ten="250,240,305,185" oya="1" hai0="41,43,9,33,105,28,120,54,3,8,23,113,45" hai1="132,102,25,93,125,75,76,111,114,37,99,103,18" hai2="122,90,118,49,82,12,57,1,63,96,67,47,65" hai3="81,31,36,30,56,60,70,79,107,95,109,110,10"/><U98/><E37/><V21/><F122/><W78/><G107/><T89/><D113/><U121/><E114/><V19/><F1/><W13/><G70/><T85/><D105/><U46/><E121/><V32/><F32/><W6/><G95/><T100/><D33/><U92/><E46/><V69/><F118/><W133/><G133/><T104/><D3/><U40/><E40/><N who="0" m="15433" /><D100/><U72/><E25/><V34/><F34/><W80/><G36/><T39/><D104/><N who="1" m="63575" /><E18/><V128/><F128/><W94/><G94/><T52/><D39/><U119/><E119/><V38/><F38/><W11/><G11/><N who="0" m="4171" /><D45/><U26/><E26/><V117/><F117/><W124/><G124/><T29/><D23/><U27/><E27/><V2/><F2/><W15/><G15/><T66/><D66/><U0/><E0/><V17/><F17/><W130/><G31/><N who="0" m="11851" /><D120/><U77/><E125/><V24/><F12/><W74/><G30/><T44/><D44/><U91/><E132/><V42/><F67/><W73/><G130/><T59/><D59/><U55/><E55/><AGARI ba="1,2" hai="6,10,13,55,56,60,73,74,78,79,80,81,109,110" machi="55" ten="40,1300,0" yaku="9,1" doraHai="68" who="3" fromWho="1" sc="250,0,240,-16,305,0,185,36" /><INIT seed="2,0,0,4,3,126" ten="250,224,305,221" oya="2" hai0="72,84,31,60,16,7,54,45,134,14,39,9,18" hai1="132,109,120,85,131,79,71,66,86,93,24,108,124" hai2="94,3,28,89,104,115,119,133,69,1,8,30,81" hai3="20,29,135,26,107,4,13,22,97,33,128,11,35"/><V17/><F119/><W121/><G107/><T67/><D72/><U32/><E124/><V110/><F104/><W113/><G97/><T15/><D134/><U64/><E132/><V90/><F115/><W65/><G65/><N who="1" m="25194" /><E71/><V21/><F69/><W116/><G135/><T59/><D31/><N who="1" m="19559" /><E120/><V78/><F133/><W38/><G38/><T98/><D98/><U52/><E52/><V96/><F3/><N who="3" m="415" /><G116/><T95/><D39/><U130/><E93/><V75/><F110/><N who="1" m="42601" /><E79/><V55/><F55/><W50/><G121/><T46/><D54/><U74/><E74/><V44/><F44/><N who="0" m="17002" /><D15/><U73/><E73/><V118/><F118/><W82/><G50/><T117/><D117/><U112/><E112/><V25/><F1/><W83/><G113/><T123/><D123/><U6/><E6/><V48/><F48/><W56/><G56/><T103/><D103/><U42/><E42/><V49/><F49/><W34/><G82/><T106/><D106/><U105/><E105/><V129/><F75/><W57/><G83/><T41/><D41/><U36/><E36/><V102/><F78/><W77/><G77/><T2/><D2/><U19/><E19/><V111/><F81/><W68/><G68/><T23/><D23/><U37/><E37/><V12/><F111/><W5/><G57/><T114/><D114/><U88/><E88/><AGARI ba="0,0" hai="7,9,14,16,18,59,60,67,84,88,95" m="17002" machi="88" ten="30,3900,0" yaku="8,1,54,2" doraHai="126" who="0" fromWho="1" sc="250,39,224,-39,305,0,221,0" /><INIT seed="3,0,0,4,0,31" ten="289,185,305,221" oya="3" hai0="95,42,110,45,105,20,41,22,55,86,0,65,48" hai1="96,97,98,57,38,125,101,56,37,71,104,33,34" hai2="108,93,121,47,120,81,26,129,6,19,32,73,103" hai3="63,1,29,124,60,116,16,15,27,88,44,21,77"/><W90/><G1/><T39/><D105/><U13/><E71/><V75/><F129/><W66/><G124/><T49/><D0/><U122/><E122/><N who="2" m="47211" /><F6/><W80/><G116/><T64/><D39/><N who="1" m="14859" /><E104/><V127/><F127/><W114/><G114/><T126/><D126/><U12/><E101/><V62/><F81/><W132/><G132/><T46/><D55/><U130/><E130/><V54/><F108/><W2/><G2/><T99/><D86/><U23/><E23/><N who="2" m="13695" /><F32/><N who="1" m="12393" /><E125/><V131/><F131/><W115/><G115/><T94/><D99/><N who="1" m="25347" /><U107/><DORA hai="8" /><E107/><V24/><F103/><W51/><G80/><T111/><AGARI ba="0,0" hai="20,22,41,42,45,46,48,49,64,65,94,95,110,111" machi="111" ten="25,3200,0" yaku="0,1,22,2" doraHai="31,8" who="0" fromWho="0" sc="289,32,185,-8,305,-8,221,-16" owari="321,41,177,-32,297,10,205,-19" /></mjloggm>