<mjloggm ver="2.3"><GO type="225"/><UN n0="%E9%85%8D%E5%9B%9E%E9%99%8D%E6%B5%81" n1="%61%6C%75%63%61%72%64" n2="%E8%80%83%E3%81%88%E4%B8%AD%EF%BC%88%E6%9D%B1" n3="%E5%A4%A2%E8%A6%8B%E3%82%8B%E5%B0%91%E5%A5%B3" dan="16,16,16,17" rate="2095,2080,2097,2118" sx="M,M,M,F"/><TAIKYOKU oya="0"/><INIT seed="0,0,0,0,5,13" ten="250,250,250,250" oya="0" hai0="98,85,45,7,46,24,28,58,57,6,135,62,60" hai1="76,125,65,22,88,118,132,131,69,26,82,20,59" hai2="32,10,11,12,73,31,83,37,17,110,25,35,47" hai3="9,121,108,41,18,71,87,44,63,94,23,14,21"/><T52/><D135/><U15/><E69/><V16/><F110/><W126/><G108/><T128/><D128/><U80/><E118/><V97/><F97/><W70/><G126/><T81/><D98/><U109/><E125/><V39/><F47/><W112/><G112/><T34/><D46/><U78/><E109/><V105/><F105/><W53/><G121/><T48/><D58/><U33/><E33/><V133/><F133/><W0/><G0/><T54/><REACH who="0" step="1"/><D62/><REACH who="0" step="2"/><U96/><E132/><V127/><F127/><W36/><G71/><T90/><AGARI ba="0,1" hai="6,7,24,28,34,45,48,52,54,57,60,81,85,90" machi="90" ten="20,18000,2" yaku="1,1,2,1,0,1,7,1,54,1,53,2" doraHai="13" doraHaiUra="1" who="0" fromWho="0" sc="240,190,250,-60,250,-60,250,-60" /><INIT seed="0,1,0,5,3,87" ten="430,190,190,190" oya="0" hai0="41,56,23,33,67,114,109,69,102,48,15,4,26" hai1="47,64,117,44,63,111,101,80,124,78,13,71,97" hai2="12,131,121,46,8,95,79,74,122,42,93,32,129" hai3="123,17,59,82,49,21,94,86,126,98,118,7,91"/><T128/><D33/><U10/><E111/><V89/><F32/><W45/><G118/><T60/><D114/><U38/><E124/><V116/><F116/><W19/><G123/><T61/><D109/><U130/><E130/><N who="2" m="49675" /><F74/><W25/><G126/><T135/><D128/><U28/><E38/><N who="2" m="21847" /><F79/><W55/><G7/><T39/><D135/><U34/><E117/><V92/><F89/><N who="3" m="51415" /><G45/><T103/><D39/><U100/><E100/><V1/><F1/><W18/><AGARI ba="1,0" hai="17,18,19,21,25,49,55,59,91,94,98" m="51415" machi="18" ten="30,4000,0" yaku="8,1,52,2" doraHai="87" who="3" fromWho="3" sc="430,-21,190,-11,190,-11,190,43" /><INIT seed="1,0,0,1,5,82" ten="409,179,179,233" oya="1" hai0="58,50,15,87,128,35,11,115,88,83,62,48,118" hai1="114,54,91,74,100,17,64,7,107,131,102,84,53" hai2="56,23,59,30,80,28,10,44,12,121,92,32,119" hai3="45,109,18,116,94,75,104,39,126,135,124,52,85"/><U38/><E74/><V123/><F119/><W19/><G104/><T21/><D35/><U90/><E38/><V8/><F44/><W99/><G75/><T120/><D118/><U106/><E114/><V132/><F132/><W103/><G116/><T95/><D115/><U2/><E64/><V110/><F110/><W33/><G33/><T60/><D128/><U111/><E7/><V73/><F32/><W5/><G5/><N who="0" m="3567" /><D120/><U42/><E2/><V113/><F113/><W67/><G67/><N who="0" m="39319" /><D62/><U72/><E42/><V29/><F73/><W36/><G109/><T6/><D6/><U89/><E72/><V105/><F105/><W98/><G36/><T26/><D95/><U68/><E111/><V125/><F92/><W117/><G39/><T79/><D79/><U97/><E68/><V133/><F133/><W108/><G135/><T57/><D57/><U55/><E131/><V76/><F121/><W130/><G108/><T43/><D43/><U69/><E69/><V122/><F123/><W16/><G130/><T4/><D4/><U96/><REACH who="1" step="1"/><E17/><AGARI ba="0,0" hai="17,21,26,48,50,83,87,88" m="39319,3567" machi="17" ten="30,3900,0" yaku="8,1,52,1,54,1" doraHai="82" who="0" fromWho="1" sc="409,39,179,-39,179,0,233,0" /><INIT seed="2,0,0,0,3,37" ten="448,140,179,233" oya="2" hai0="60,118,114,21,1,45,102,105,113,39,75,96,87" hai1="134,130,121,81,91,24,73,71,26,15,52,23,63" hai2="110,106,50,111,9,16,107,68,31,57,86,48,76" hai3="29,28,35,67,83,27,10,36,104,125,34,59,32"/><V109/><F68/><W131/><G104/><N who="2" m="39977" /><F31/><W5/><G36/><T135/><D75/><U89/><E130/><V53/><F76/><W120/><G120/><T77/><D1/><U124/><E121/><V94/><F86/><W84/><G131/><T2/><D2/><U66/><E134/><V55/><F94/><W61/><G125/><T95/><D135/><U85/><E124/><V132/><F132/><W103/><G103/><T127/><D127/><U93/><E73/><V6/><F6/><W64/><G64/><T38/><D118/><U129/><E129/><V62/><F53/><W43/><G29/><T17/><D60/><U69/><E71/><V44/><F44/><W49/><G49/><T74/><D45/><U54/><E15/><AGARI ba="0,0" hai="9,15,16,48,50,55,57,62,109,110,111" m="39977" machi="15" ten="40,7700,0" yaku="14,1,10,1,54,1" doraHai="37" who="2" fromWho="1" sc="448,0,140,-77,179,77,233,0" /><INIT seed="2,1,0,0,1,42" ten="448,63,256,233" oya="2" hai0="31,37,85,26,53,63,20,22,84,74,39,125,75" hai1="101,3,86,4,24,124,60,135,49,116,129,11,0" hai2="29,68,80,103,25,76,93,110,109,94,133,73,48" hai3="55,112,17,59,89,91,34,23,100,111,28,8,56"/><V119/><F68/><W7/><G111/><N who="2" m="42505" /><F119/><W9/><G112/><T45/><D125/><U127/><E116/><V57/><F103/><W130/><G130/><T44/><D75/><U79/><E101/><V128/><F128/><W61/><G34/><T66/><D74/><U82/><E129/><V113/><F113/><W102/><G28/><N who="0" m="17479" /><D39/><U71/><E135/><V18/><F18/><W121/><G121/><T47/><D37/><U52/><E24/><V77/><F77/><W19/><G7/><T1/><D1/><U123/><E3/><V5/><F5/><W62/><G55/><T38/><D38/><U117/><E117/><V46/><F133/><W96/><G23/><T88/><D66/><U81/><E123/><V78/><F78/><W40/><G40/><T6/><D6/><U64/><REACH who="1" step="1"/><E82/><REACH who="1" step="2"/><V14/><F14/><W90/><G100/><T67/><D31/><U15/><E15/><V50/><F29/><W122/><G122/><T114/><D114/><U51/><E51/><V54/><F25/><W33/><G102/><T13/><D13/><U69/><E69/><V92/><F50/><W99/><G96/><T70/><D70/><U120/><E120/><V134/><F134/><W104/><G99/><T106/><D63/><U27/><E27/><V126/><F126/><W131/><G131/><T41/><D106/><U105/><E105/><V43/><F94/><W2/><G104/><T118/><D118/><U21/><E21/><V35/><F35/><W10/><G33/><T32/><D22/><U65/><E65/><V30/><F30/><W95/><G95/><RYUUKYOKU ba="1,1" sc="448,-15,53,15,256,15,233,-15" hai1="0,4,11,49,52,60,64,71,79,81,86,124,127" hai2="43,46,48,54,57,73,76,80,92,93" /><INIT seed="2,2,1,0,0,80" ten="433,68,271,218" oya="2" hai0="28,32,0,59,51,81,62,124,115,48,114,34,133" hai1="91,99,9,75,74,128,85,42,96,18,76,125,117" hai2="26,33,61,134,1,11,21,27,68,25,13,40,129" hai3="67,60,2,78,70,8,37,88,47,7,20,35,82"/><V126/><F129/><W102/><G35/><T103/><D0/><U54/><E42/><V5/><F40/><W94/><G102/><T121/><D121/><U130/><E54/><V56/><F68/><W118/><G118/><T12/><D103/><U55/><E55/><V31/><F134/><W108/><G108/><T14/><D34/><U86/><E18/><V43/><F43/><W17/><G47/><T44/><D81/><N who="1" m="47271" /><E9/><N who="2" m="2223" /><F56/><W101/><G101/><T23/><D124/><U73/><E125/><V90/><F90/><W19/><G37/><T65/><D133/><U107/><E117/><V22/><F61/><W52/><G52/><N who="0" m="29703" /><D32/><U120/><E120/><V98/><F98/><N who="1" m="37417" /><E107/><V72/><F126/><W77/><G19/><T49/><D115/><U127/><E127/><V36/><F36/><W10/><G8/><T105/><D105/><U15/><E15/><N who="0" m="5673" /><D114/><U3/><E3/><V57/><F57/><W135/><G135/><T111/><D111/><U110/><E110/><V113/><F113/><W104/><G104/><T83/><D83/><AGARI ba="2,1" hai="73,74,75,83,86,91,128,130" m="37417,47271" machi="83" ten="40,8000,1" yaku="34,2,52,2" doraHai="80" who="1" fromWho="0" sc="433,-86,68,96,271,0,218,0" /><INIT seed="3,0,0,2,5,123" ten="347,164,271,218" oya="3" hai0="27,13,0,14,57,20,105,91,41,69,18,73,22" hai1="131,39,94,1,89,65,36,134,46,75,104,96,110" hai2="101,40,32,85,118,111,63,124,2,43,114,93,90" hai3="29,25,42,6,56,112,9,86,76,83,7,108,23"/><W12/><G112/><T11/><D69/><U122/><E1/><V59/><F32/><W116/><G116/><T95/><D73/><U10/><E122/><V47/><F118/><W77/><G42/><T72/><D72/><U97/><E75/><V109/><F114/><W132/><G132/><T19/><D105/><U81/><E134/><V34/><F34/><W21/><G6/><N who="0" m="3319" /><D0/><U66/><E131/><V98/><F2/><W113/><G113/><T119/><D119/><U16/><E81/><V28/><F28/><W117/><G117/><T4/><D41/><U17/><E46/><V53/><F124/><W87/><G56/><T50/><D4/><U67/><E110/><N who="2" m="41995" /><F47/><W99/><G108/><T121/><D121/><U128/><E128/><V126/><F126/><W92/><G23/><T80/><D80/><AGARI ba="0,0" hai="40,43,53,59,63,80,85,90,93,98,101" m="41995" machi="80" ten="30,7700,0" yaku="14,1,52,3" doraHai="123" who="2" fromWho="0" sc="347,-77,164,0,271,77,218,0" owari="270,7,164,-34,348,45,218,-18" /></mjloggm>