<mjloggm ver="2.3"><GO type="225"/><UN n0="%E7%9C%9F%E9%BE%8D%E2%80%A6" n1="%72%61%72%61%70%70%65" n2="%E3%81%B6%E3%81%A3%E3%81%A8%E3%81%B3%E4%BE%8D" n3="%E3%81%84%E3%81%A1%E3%81%94%E3%83%9D%E3%83%83%E3%82%AD%E3%83%BC" dan="17,16,17,17" rate="2104,2153,2103,2167" sx="F,M,M,F"/><TAIKYOKU oya="0"/><INIT seed="0,0,0,3,1,19" ten="250,250,250,250" oya="0" hai0="99,26,70,95,115,64,18,102,111,9,104,36,83" hai1="112,35,53,44,91,2,88,114,119,110,123,15,108" hai2="71,129,45,50,128,65,58,39,86,52,124,132,66" hai3="32,98,135,69,23,79,78,103,92,37,131,28,81"/><T89/><D115/><N who="1" m="44075" /><E2/><V27/><F27/><W54/><G135/><T75/><D36/><U48/><E119/><V74/><F74/><W43/><G69/><T20/><D111/><N who="1" m="42539" /><E123/><V7/><F86/><W24/><G131/><N who="2" m="50249" /><F7/><W62/><G43/><T68/><D64/><N who="2" m="24682" /><F71/><W105/><G37/><T122/><D122/><U73/><E73/><V133/><F124/><W90/><G32/><T84/><REACH who="0" step="1"/><D9/><REACH who="0" step="2"/><U67/><E67/><V55/><F39/><W0/><G0/><T57/><D57/><U118/><E118/><V120/><F120/><W61/><G105/><T80/><D80/><U40/><E35/><V125/><F125/><W126/><G81/><T59/><D59/><N who="1" m="33191" /><E15/><V85/><F85/><W51/><G126/><T21/><D21/><U22/><E22/><V130/><F130/><W113/><G113/><T46/><D46/><U93/><E93/><V13/><F13/><W87/><G92/><T94/><D94/><U96/><E96/><V76/><F58/><W82/><G98/><T10/><D10/><U3/><E3/><V5/><F45/><W12/><G12/><T127/><D127/><U63/><E63/><V47/><F47/><N who="3" m="28031" /><G61/><T42/><D42/><U107/><E107/><V97/><F97/><W121/><G62/><T77/><AGARI ba="0,1" hai="18,20,26,68,70,75,77,83,84,89,95,99,102,104" machi="77" ten="30,18000,2" yaku="1,1,0,1,24,2,52,1,53,1" doraHai="19" doraHaiUra="16" who="0" fromWho="0" sc="240,190,250,-60,250,-60,250,-60" /><INIT seed="0,1,0,4,2,85" ten="430,190,190,190" oya="0" hai0="69,60,135,118,117,70,123,89,9,66,49,91,38" hai1="83,100,105,78,0,56,93,47,121,5,71,86,44" hai2="55,14,12,95,127,21,22,131,119,15,75,6,101" hai3="10,2,61,29,8,34,108,76,112,111,53,31,68"/><T73/><D123/><U67/><E71/><V45/><F75/><W54/><G112/><T110/><D73/><U62/><E105/><V79/><F131/><W1/><G68/><T43/><D70/><U104/><E121/><V129/><F129/><W63/><REACH who="3" step="1"/><G76/><REACH who="3" step="2"/><T72/><D135/><U24/><E104/><V128/><F79/><W4/><G4/><T126/><D72/><U20/><E5/><V132/><F128/><W59/><G59/><T109/><D126/><U11/><E11/><V99/><F127/><W88/><G88/><N who="0" m="33867" /><D9/><U36/><E36/><V40/><F132/><W27/><G27/><T51/><D38/><U102/><E0/><V18/><F6/><W13/><G13/><T130/><D130/><U17/><E102/><V87/><F14/><W74/><G74/><T19/><D19/><U7/><E7/><V35/><F15/><W48/><G48/><N who="0" m="18507" /><D43/><U64/><E17/><V116/><F40/><W58/><G58/><T133/><D133/><U46/><E56/><V82/><F18/><W23/><G23/><T3/><D3/><U25/><E20/><V94/><F22/><W50/><G50/><T57/><D69/><U77/><E47/><V65/><F45/><W122/><G122/><T106/><D106/><U90/><E46/><V30/><F21/><W134/><G134/><T98/><D98/><U124/><E44/><V28/><F99/><W81/><G81/><T39/><D39/><U113/><E83/><V16/><F82/><W120/><G120/><T42/><D42/><U92/><E124/><V115/><F115/><W52/><G52/><RYUUKYOKU ba="1,1" sc="430,15,190,-15,190,-15,180,15" hai0="57,60,66,109,110,117,118" hai3="1,2,8,10,29,31,34,53,54,61,63,108,111" /><INIT seed="0,2,1,1,4,110" ten="445,175,175,195" oya="0" hai0="127,100,77,34,105,26,44,86,78,106,22,42,58" hai1="92,76,14,68,95,43,108,36,130,37,75,20,91" hai2="65,88,7,73,90,109,53,72,115,104,25,62,30" hai3="80,111,121,9,61,113,12,83,18,40,99,96,64"/><T45/><D34/><U49/><E68/><V24/><F109/><W13/><G111/><T103/><D127/><U98/><E108/><V38/><F38/><W3/><G113/><T119/><D119/><U17/><E130/><V39/><F39/><W27/><G3/><T29/><D105/><U112/><E112/><V8/><F104/><W87/><G40/><T94/><D106/><U128/><E128/><V125/><F125/><W93/><G27/><T74/><D74/><U82/><E43/><V1/><F115/><W41/><G41/><T56/><D100/><U97/><E49/><V67/><F25/><W126/><G126/><T57/><D42/><U69/><E69/><V116/><F116/><W0/><G0/><T81/><D77/><U133/><E133/><V35/><F53/><W19/><G121/><T54/><D54/><U84/><REACH who="1" step="1"/><E75/><REACH who="1" step="2"/><V46/><F73/><W129/><G129/><T6/><REACH who="0" step="1"/><D6/><REACH who="0" step="2"/><U71/><E71/><V124/><F124/><W50/><G64/><T102/><D102/><AGARI ba="2,3" hai="14,17,20,36,37,76,82,84,91,92,95,97,98,102" machi="102" ten="30,2000,0" yaku="1,1,7,1,53,0" doraHai="110" doraHaiUra="51" who="1" fromWho="0" sc="435,-26,165,56,175,0,195,0" /><INIT seed="1,0,0,2,1,126" ten="409,221,175,195" oya="1" hai0="36,26,103,3,107,112,91,14,7,42,123,73,133" hai1="83,82,118,66,128,87,74,48,90,19,77,5,68" hai2="60,29,81,101,129,24,124,76,40,72,28,88,22" hai3="6,57,27,20,116,43,117,105,134,8,86,85,104"/><U58/><E68/><V120/><F120/><W114/><G114/><T50/><D112/><U127/><E5/><V49/><F124/><W46/><G134/><T132/><D73/><U45/><E127/><V12/><F101/><W115/><G115/><T23/><D36/><U109/><E118/><N who="3" m="45674" /><G57/><T16/><D107/><N who="3" m="41033" /><G46/><N who="0" m="25943" /><D103/><U92/><E109/><V65/><F28/><N who="3" m="17511" /><G43/><T13/><D91/><U96/><E19/><V31/><F40/><W97/><G97/><T9/><D123/><U2/><E2/><AGARI ba="0,0" hai="2,6,8,85,86" m="17511,41033,45674" machi="2" ten="30,1000,0" yaku="12,1" doraHai="126" who="3" fromWho="1" sc="409,0,221,-10,175,0,195,10" /><INIT seed="2,0,0,3,1,68" ten="409,211,175,205" oya="2" hai0="129,83,7,57,79,102,50,28,46,96,59,134,108" hai1="111,53,39,133,15,21,55,65,34,81,122,73,49" hai2="60,56,22,115,91,38,117,106,25,72,90,17,77" hai3="135,47,31,126,62,109,78,6,33,19,87,48,86"/><V123/><F115/><W64/><G109/><T74/><D108/><U1/><E39/><V58/><F117/><W95/><G6/><T120/><D120/><U89/><E1/><V61/><F123/><W32/><G126/><T118/><D134/><U84/><E34/><V107/><F38/><W29/><G135/><T10/><D129/><U51/><E73/><V45/><F45/><W42/><G19/><T5/><D28/><U71/><E71/><V30/><F72/><W9/><G9/><T4/><D118/><U92/><E65/><N who="2" m="39047" /><F106/><W94/><G32/><T40/><REACH who="0" step="1"/><D10/><REACH who="0" step="2"/><U100/><E111/><V67/><F107/><AGARI ba="0,1" hai="4,5,7,40,46,50,57,59,74,79,83,96,102,107" machi="107" ten="40,2600,0" yaku="1,1,2,1,53,0" doraHai="68" doraHaiUra="13" who="0" fromWho="2" sc="399,36,211,0,175,-26,205,0" /><INIT seed="3,0,0,5,3,15" ten="435,211,149,205" oya="3" hai0="117,51,50,114,18,35,56,106,39,71,10,127,36" hai1="79,103,77,81,75,19,99,92,119,31,0,23,70" hai2="116,11,104,107,14,7,64,40,112,101,5,28,123" hai3="118,108,85,54,59,63,110,47,27,62,1,21,38"/><W102/><G118/><T78/><D114/><U58/><E70/><V97/><F112/><W91/><G1/><T122/><D71/><U105/><E0/><V41/><F116/><W17/><G102/><T93/><D35/><U57/><E31/><V84/><F123/><W90/><G63/><T37/><D117/><U61/><E119/><V26/><F64/><W88/><G38/><T48/><D106/><U6/><E6/><V43/><F84/><W86/><G47/><T13/><D122/><U128/><E128/><V73/><F73/><W66/><G66/><T126/><D78/><U69/><E79/><V74/><F74/><W53/><G54/><T42/><D93/><U96/><E61/><V30/><F7/><W9/><G9/><T8/><D42/><U129/><E69/><V4/><F4/><W22/><G22/><T133/><D133/><U121/><E129/><V20/><REACH who="2" step="1"/><F107/><REACH who="2" step="2"/><W113/><G113/><T72/><D72/><U100/><E121/><V45/><F45/><W46/><G46/><T33/><D33/><U95/><E105/><V109/><F109/><AGARI ba="0,1" hai="17,21,27,53,59,62,85,86,88,90,91,108,109,110" machi="109" ten="40,12000,1" yaku="14,1,10,1,52,1,54,1" doraHai="15" who="3" fromWho="2" sc="435,0,211,0,139,-120,205,130" /><INIT seed="3,1,0,4,3,16" ten="435,211,19,335" oya="3" hai0="106,81,20,107,118,96,133,72,65,126,123,100,120" hai1="91,110,5,74,75,14,60,68,10,46,7,70,17" hai2="85,128,1,66,18,29,67,55,33,117,45,48,124" hai3="93,2,30,49,125,99,53,88,89,42,37,32,13"/><W95/><G2/><T71/><D71/><U76/><E110/><V11/><F117/><W101/><G125/><T44/><D44/><U31/><E31/><V112/><F124/><W104/><G13/><T58/><D126/><U130/><E46/><V25/><F112/><W86/><G37/><T116/><D58/><U34/><E34/><V92/><F128/><W38/><G38/><T54/><D20/><U52/><E130/><V114/><F114/><W97/><G42/><T0/><D54/><U61/><E91/><V6/><F18/><W59/><G30/><T121/><D65/><U69/><E76/><V9/><F9/><W77/><G77/><N who="0" m="44199" /><D0/><U64/><E52/><V43/><F43/><W73/><G73/><T19/><D19/><U57/><E61/><V8/><F8/><W105/><REACH who="3" step="1"/><G32/><REACH who="3" step="2"/><T27/><D27/><U83/><E75/><V134/><F134/><W26/><G26/><T94/><D133/><U24/><E24/><V41/><F41/><W132/><G132/><T15/><D15/><U56/><E74/><V84/><F84/><W12/><G12/><T135/><D135/><U98/><E14/><V80/><F92/><AGARI ba="1,1" hai="49,53,59,86,88,89,92,93,95,97,99,101,104,105" machi="92" ten="30,5800,0" yaku="1,1,7,1,54,1,53,0" doraHai="16" doraHaiUra="113" who="3" fromWho="2" sc="435,0,211,0,19,-61,325,71" owari="435,53,211,-19,-42,-54,396,20" /></mjloggm>