<mjloggm ver="2.3"><GO type="169"/><UN n0="%E3%81%BF%E3%81%A3%E3%81%A4%E3%81%83%EF%BD%9E" n1="%E5%A4%9C%E5%A4%A2%E6%AB%BB" n2="%E3%83%9C%E3%83%84" n3="%E3%82%A2%E3%83%AB%E3%83%9E%E3%82%B8%E3%83%AD%E3%81%AE%E5%A4%96%E5%A5%97" dan="17,16,16,16" rate="2120,2109,2055,2109" sx="F,M,M,F"/><TAIKYOKU oya="0"/><INIT seed="0,0,0,2,3,100" ten="250,250,250,250" oya="0" hai0="74,116,58,122,24,45,19,62,3,87,16,21,23" hai1="85,72,2,96,127,101,30,66,92,35,55,98,61" hai2="79,50,9,12,108,32,133,49,59,17,34,115,97" hai3="81,114,94,25,4,76,120,47,7,36,38,27,31"/><T56/><D3/><U42/><E72/><V28/><F115/><W75/><G114/><T113/><D74/><U119/><E119/><V105/><F108/><W53/><G120/><T103/><D122/><U5/><E42/><V14/><F133/><W107/><G107/><T90/><D116/><U95/><E127/><V11/><F79/><W125/><G125/><T80/><D113/><U52/><E85/><V46/><F59/><W121/><G27/><T123/><D123/><U77/><E77/><V134/><F134/><W26/><G26/><T130/><D130/><U57/><E35/><V43/><F49/><W29/><G29/><T0/><D0/><U71/><E30/><V33/><F28/><W102/><G121/><T44/><D103/><U131/><E131/><V13/><F17/><W22/><G38/><T104/><D104/><U60/><E2/><V48/><F48/><W37/><G36/><T106/><D106/><U70/><E5/><V132/><F132/><W1/><G1/><T73/><D73/><U20/><E20/><V88/><F105/><W6/><G53/><N who="0" m="34063" /><D58/><U40/><E40/><V39/><F39/><W51/><G51/><T10/><D10/><N who="2" m="3594" /><F34/><W15/><G37/><T8/><D8/><U109/><E109/><V86/><F33/><W112/><G112/><T99/><D99/><U91/><REACH who="1" step="1"/><E57/><REACH who="1" step="2"/><V83/><F32/><N who="3" m="20591" /><G75/><T63/><D23/><U129/><E129/><V117/><F117/><W93/><G22/><T126/><D126/><U67/><AGARI ba="0,1" hai="52,55,60,61,66,67,70,71,91,92,95,96,98,101" machi="67" ten="30,7900,0" yaku="1,1,0,1,9,1,54,1,53,0" doraHai="100" doraHaiUra="41" who="1" fromWho="1" sc="250,-39,240,89,250,-20,250,-20" /><INIT seed="1,0,0,3,4,119" ten="211,329,230,230" oya="1" hai0="97,68,43,47,73,80,110,42,117,54,33,56,15" hai1="72,126,88,30,13,20,113,135,31,52,14,104,35" hai2="120,5,59,51,94,79,102,77,69,100,74,130,90" hai3="57,83,7,37,11,53,3,50,114,9,19,129,64"/><U78/><E113/><V61/><F69/><W16/><G114/><T91/><D110/><U25/><E104/><V21/><F51/><W95/><G129/><T65/><D117/><U115/><E115/><V45/><F45/><W87/><G37/><T75/><D33/><U62/><E135/><V112/><F130/><W17/><G95/><T82/><D75/><U38/><E38/><V12/><F112/><W116/><G116/><T27/><D73/><U49/><E126/><V67/><F120/><W133/><G133/><T66/><D27/><U41/><E41/><N who="0" m="15369" /><D68/><U71/><E72/><V32/><F32/><W103/><G103/><N who="2" m="39465" /><F74/><W131/><G131/><T6/><D47/><U2/><E78/><V48/><F48/><W107/><G107/><T46/><D46/><U123/><E123/><V99/><F21/><W86/><G64/><N who="0" m="24683" /><D91/><U4/><E88/><V34/><F34/><W1/><REACH who="3" step="1"/><G83/><REACH who="3" step="2"/><T122/><D122/><U101/><E101/><V84/><F99/><W39/><G39/><T58/><D97/><U111/><E111/><V89/><F94/><W36/><G36/><T93/><D93/><U127/><E127/><V24/><F84/><W18/><N who="3" m="4608" /><DORA hai="8" /><W96/><G96/><T98/><D98/><U60/><E71/><V23/><F79/><W70/><G70/><T109/><D109/><U29/><E35/><V81/><F77/><W125/><G125/><T85/><D85/><U0/><E0/><V118/><F118/><W106/><G106/><T63/><D82/><U128/><E2/><V28/><F81/><W105/><G105/><T134/><D80/><RYUUKYOKU ba="0,1" sc="211,-15,329,-15,230,15,220,15" hai2="5,12,23,24,28,59,61,67,89,90" hai3="1,3,7,9,11,50,53,57,86,87" /><INIT seed="2,1,1,4,4,134" ten="196,314,245,235" oya="2" hai0="41,79,49,77,53,133,2,57,34,26,89,65,37" hai1="11,71,124,75,70,67,15,107,38,100,122,72,130" hai2="52,50,123,92,99,19,95,131,114,85,60,20,17" hai3="120,54,22,8,35,88,110,5,83,96,39,43,33"/><V16/><F123/><W44/><G120/><T64/><D133/><U31/><E122/><V97/><F114/><W29/><G110/><T82/><D2/><U46/><E31/><V42/><F131/><W94/><G29/><T63/><D37/><U127/><E130/><V9/><F9/><W36/><G36/><T108/><D108/><U84/><E107/><V21/><F60/><W73/><G22/><N who="2" m="8809" /><F42/><W90/><G54/><T111/><D111/><U113/><E100/><V40/><F40/><W68/><G68/><N who="1" m="26154" /><E67/><N who="0" m="25673" /><D34/><U18/><E113/><V4/><F4/><W0/><G90/><T119/><D26/><U118/><E118/><V98/><F85/><W12/><G12/><T105/><D105/><U117/><E117/><V45/><AGARI ba="1,1" hai="16,17,19,45,50,52,92,95,97,98,99" m="8809" machi="45" ten="40,7800,0" yaku="8,1,54,2" doraHai="134" who="2" fromWho="2" sc="196,-27,314,-27,245,91,235,-27" /><INIT seed="2,2,0,5,0,2" ten="169,287,336,208" oya="2" hai0="122,84,63,92,120,97,51,132,9,12,83,70,105" hai1="59,108,112,113,32,124,106,94,82,135,23,85,50" hai2="118,79,41,33,17,104,117,60,76,42,28,66,24" hai3="130,27,95,127,77,56,78,99,64,8,61,40,103"/><V125/><F125/><W47/><G130/><T15/><D105/><U16/><E124/><V131/><F131/><W19/><G127/><T91/><D132/><U11/><E106/><V93/><F93/><W36/><G19/><T81/><D70/><U7/><E32/><V80/><F17/><W111/><G111/><T4/><D63/><U96/><E108/><V29/><F29/><W25/><G25/><T34/><D34/><U0/><E135/><V133/><F133/><W6/><REACH who="3" step="1"/><G27/><REACH who="3" step="2"/><T101/><D122/><U102/><E113/><V109/><F24/><W87/><G87/><T35/><D120/><U13/><E112/><V31/><F109/><W38/><G38/><T18/><D35/><U98/><E98/><V45/><F33/><W46/><G46/><T44/><D83/><U21/><E85/><V90/><F80/><W65/><G65/><T55/><REACH who="0" step="1"/><D18/><REACH who="0" step="2"/><U71/><E82/><V67/><F31/><W128/><G128/><T100/><D100/><U53/><REACH who="1" step="1"/><E71/><REACH who="1" step="2"/><V121/><F121/><W72/><G72/><T110/><D110/><U30/><E30/><V89/><F28/><W10/><G10/><AGARI ba="2,3" hai="0,7,10,11,13,16,21,23,50,53,59,94,96,102" machi="10" ten="30,8000,1" yaku="1,1,7,1,52,1,54,1,53,1" doraHai="2" doraHaiUra="52" who="1" fromWho="3" sc="159,0,277,116,336,0,198,-86" /><INIT seed="3,0,0,5,0,121" ten="159,393,336,112" oya="3" hai0="93,128,113,22,71,105,98,110,37,116,39,43,51" hai1="2,62,41,83,61,117,21,70,17,20,85,47,48" hai2="59,95,69,132,33,75,114,133,68,45,131,9,40" hai3="99,126,118,25,4,79,101,54,104,27,29,52,23"/><W72/><G118/><T44/><D105/><U107/><E117/><V46/><F114/><W11/><G126/><T7/><D116/><U15/><E107/><V53/><F33/><W32/><G79/><T134/><D7/><U115/><E115/><V1/><F75/><W14/><REACH who="3" step="1"/><G72/><REACH who="3" step="2"/><T10/><D113/><U122/><E122/><V38/><F132/><W12/><G12/><T8/><D134/><U130/><E2/><V135/><F1/><W82/><G82/><T55/><D128/><U106/><E83/><V18/><F131/><W3/><G3/><T108/><D71/><U5/><E15/><V120/><F68/><W42/><G42/><T96/><D43/><U0/><E41/><V57/><F69/><W111/><G111/><N who="0" m="42539" /><D39/><U125/><E125/><V84/><F38/><W81/><G81/><T97/><D37/><U91/><E70/><V73/><F133/><W123/><G123/><T49/><D93/><U34/><E130/><V74/><F135/><W6/><G6/><T64/><D64/><U36/><E5/><V28/><F120/><W129/><G129/><T77/><D77/><U63/><E36/><V16/><F95/><W66/><G66/><T109/><D109/><U35/><E106/><V26/><F40/><W31/><AGARI ba="0,1" hai="4,11,14,23,25,27,29,31,32,52,54,99,101,104" machi="31" ten="20,7800,0" yaku="1,1,0,1,7,1,54,1,53,0" doraHai="121" doraHaiUra="78" who="3" fromWho="3" sc="159,-26,393,-26,336,-26,102,88" /><INIT seed="3,1,0,0,1,46" ten="133,367,310,190" oya="3" hai0="26,62,90,5,65,119,35,89,66,69,131,72,111" hai1="135,14,92,85,120,47,133,103,128,125,23,28,67" hai2="41,25,10,1,52,19,7,126,33,29,132,34,3" hai3="86,110,49,121,45,8,4,61,118,91,56,112,130"/><W17/><G112/><T113/><D111/><U83/><E120/><V107/><F107/><W81/><G121/><T38/><D131/><U124/><E67/><V0/><F41/><W96/><G118/><T22/><D38/><U6/><E128/><V109/><F109/><W51/><G130/><T104/><D72/><U64/><E64/><V73/><F73/><W54/><G110/><T101/><D119/><U58/><E58/><V11/><F126/><N who="1" m="48745" /><E28/><V48/><F33/><W123/><G123/><T42/><D42/><U76/><E47/><V2/><F19/><W9/><G17/><T15/><D113/><U39/><E39/><V127/><F132/><W13/><G9/><T98/><D66/><U50/><E50/><V37/><F37/><W70/><G70/><T55/><D55/><U36/><E36/><V16/><F127/><W114/><G114/><T80/><D80/><U71/><E71/><V100/><F100/><W43/><G96/><T117/><D117/><U53/><E53/><V105/><F105/><W57/><G61/><T74/><D74/><U32/><E32/><V122/><F122/><W27/><G27/><T30/><REACH who="0" step="1"/><D22/><REACH who="0" step="2"/><U77/><E23/><V18/><REACH who="2" step="1"/><F10/><AGARI ba="1,1" hai="5,10,15,26,30,35,62,65,69,89,90,98,101,104" machi="10" ten="40,8000,1" yaku="1,1,2,1,25,2,53,0" doraHai="46" doraHaiUra="129" who="0" fromWho="2" sc="123,93,367,0,310,-83,190,0" /><INIT seed="4,0,0,1,3,124" ten="216,367,227,190" oya="0" hai0="0,135,46,87,92,39,69,65,38,102,76,79,58" hai1="106,78,116,32,54,45,22,66,103,89,34,48,28" hai2="14,4,117,36,131,114,23,9,25,43,67,52,130" hai3="73,33,41,123,86,24,57,21,84,3,81,108,91"/><T50/><D0/><U18/><E116/><V98/><F114/><W119/><G119/><T37/><D69/><U62/><E78/><V74/><F74/><W63/><G3/><T134/><D65/><U10/><E10/><V88/><F67/><W125/><G125/><T55/><D58/><U7/><E7/><V93/><F117/><W35/><G108/><T97/><REACH who="0" step="1"/><D87/><REACH who="0" step="2"/><U29/><E66/><V56/><F36/><W68/><G68/><T8/><D8/><U70/><E70/><V85/><F85/><W112/><G112/><T109/><D109/><U49/><E45/><V30/><REACH who="2" step="1"/><F43/><REACH who="2" step="2"/><W80/><G73/><T90/><D90/><U17/><E89/><V1/><F1/><W61/><G41/><T11/><D11/><U64/><E64/><V127/><F127/><W120/><G120/><T2/><D2/><U13/><E103/><V15/><F15/><W47/><G123/><T44/><D44/><U128/><E13/><V6/><F6/><W27/><G47/><T107/><D107/><U129/><E106/><V16/><F16/><W96/><G91/><T83/><D83/><U53/><E18/><V20/><F20/><W59/><G21/><T133/><AGARI ba="0,2" hai="37,38,39,46,50,55,76,79,92,97,102,133,134,135" machi="133" ten="40,7800,0" yaku="1,1,0,1,20,1,53,0" doraHai="124" doraHaiUra="126" who="0" fromWho="0" sc="206,98,367,-26,217,-26,190,-26" /><INIT seed="4,1,0,1,4,32" ten="304,341,191,164" oya="0" hai0="86,36,131,33,12,57,111,59,134,41,8,1,61" hai1="113,100,22,80,114,43,81,70,50,89,129,68,0" hai2="38,9,42,106,127,135,48,66,67,56,104,60,62" hai3="39,55,6,58,24,63,110,98,72,91,69,117,126"/><T44/><D33/><U17/><E100/><V128/><F9/><W73/><G39/><T74/><D131/><U27/><E129/><V97/><F128/><W11/><G110/><T99/><D134/><U119/><E119/><V90/><F135/><W37/><G37/><T71/><D111/><U64/><E43/><V5/><F127/><W7/><G126/><T96/><D71/><U4/><E50/><V120/><F120/><W52/><G117/><T123/><D123/><U116/><E116/><V130/><F130/><W15/><G69/><T88/><D74/><U79/><E89/><V77/><F77/><W45/><G7/><T19/><D59/><U105/><E105/><V23/><F5/><W16/><G45/><T51/><D1/><U78/><E64/><V35/><F38/><W28/><G55/><T53/><REACH who="0" step="1"/><D36/><REACH who="0" step="2"/><U20/><E0/><V13/><F35/><W46/><G46/><T85/><D85/><U87/><E87/><V54/><F56/><W65/><G73/><T118/><D118/><U115/><E70/><V3/><F3/><W124/><G72/><T75/><D75/><U34/><E34/><V18/><F97/><W14/><G124/><T103/><D103/><U83/><E68/><V122/><F122/><W101/><G101/><T94/><AGARI ba="1,1" hai="8,12,19,41,44,51,53,57,61,86,88,94,96,99" machi="94" ten="20,18000,2" yaku="1,1,0,1,7,1,8,1,54,1,53,2" doraHai="32" doraHaiUra="93" who="0" fromWho="0" sc="294,193,341,-61,191,-61,164,-61" /><INIT seed="4,2,0,5,1,121" ten="487,280,130,103" oya="0" hai0="88,42,73,8,98,40,130,57,32,92,69,95,33" hai1="5,132,101,65,116,19,60,122,2,77,107,9,51" hai2="97,115,125,68,82,28,85,18,1,124,109,66,110" hai3="26,6,67,100,96,119,47,11,48,23,133,58,59"/><T38/><D69/><U44/><E122/><V45/><F1/><W81/><G133/><T4/><D73/><U54/><E116/><V78/><F28/><W31/><G119/><T128/><D57/><U7/><E132/><V21/><F45/><W22/><G22/><T87/><D32/><U80/><E107/><V129/><F115/><W135/><G135/><T36/><D33/><U86/><E101/><V61/><F97/><W105/><G67/><T50/><D50/><U71/><E2/><V134/><F129/><N who="0" m="49770" /><D38/><U90/><REACH who="1" step="1"/><E77/><REACH who="1" step="2"/><V15/><REACH who="2" step="1"/><F134/><REACH who="2" step="2"/><W10/><G105/><T24/><D36/><U83/><E83/><V74/><F74/><W127/><G81/><T63/><D92/><U89/><E89/><V62/><F62/><W102/><G102/><T123/><D63/><U72/><E72/><V13/><F13/><AGARI ba="2,2" hai="5,7,9,13,19,44,51,54,60,65,71,80,86,90" machi="13" ten="40,8000,1" yaku="1,1,25,2,53,1" doraHai="121" doraHaiUra="46" who="1" fromWho="2" sc="487,0,270,106,120,-86,103,0" /><INIT seed="5,0,0,0,4,28" ten="487,376,34,103" oya="1" hai0="39,54,104,124,36,58,94,102,37,67,40,82,41" hai1="34,4,13,59,107,16,117,46,89,38,65,100,50" hai2="5,130,111,29,33,64,26,129,84,133,103,30,22" hai3="87,31,43,62,15,79,2,10,85,125,105,91,49"/><U80/><E117/><V45/><F103/><W14/><G105/><T71/><D94/><U60/><E38/><V135/><F64/><W72/><G72/><T98/><D124/><U88/><E4/><V7/><F45/><W120/><G120/><T113/><D113/><U69/><E69/><V47/><F47/><N who="3" m="25855" /><G2/><T97/><D97/><U115/><E115/><V6/><F84/><W8/><G125/><T123/><D123/><U25/><E107/><V112/><F111/><W108/><G108/><T70/><D82/><U134/><E100/><V1/><F1/><W76/><G31/><T9/><D9/><N who="3" m="3689" /><G62/><N who="0" m="38359" /><D98/><U83/><E134/><N who="2" m="51211" /><F112/><W55/><G55/><T81/><D102/><U51/><E34/><V44/><F44/><W92/><G87/><T20/><D20/><N who="1" m="11279" /><E25/><AGARI ba="0,0" hai="5,6,7,22,25,26,29,30,33,129,130" m="51211" machi="25" ten="40,8000,1" yaku="20,1,34,2,52,1" doraHai="28" who="2" fromWho="1" sc="487,0,376,-80,34,80,103,0" /><INIT seed="6,0,0,4,1,14" ten="487,296,114,103" oya="2" hai0="86,65,97,121,9,2,76,102,71,44,110,45,38" hai1="108,41,89,39,109,80,118,133,48,96,94,104,70" hai2="106,8,128,21,37,74,60,42,36,132,7,57,85" hai3="54,81,100,49,20,43,35,24,34,25,23,83,33"/><V105/><F74/><W77/><G43/><T47/><D121/><U50/><E70/><V130/><F132/><W10/><G100/><T122/><D110/><U1/><E1/><V125/><F125/><W135/><G135/><T101/><D122/><U55/><E133/><V12/><F85/><W62/><G62/><T3/><D71/><U16/><E118/><V124/><F124/><W127/><G127/><T19/><D65/><U113/><E39/><V52/><F21/><W56/><G10/><T103/><D97/><U29/><E29/><V32/><F32/><W15/><G15/><N who="0" m="7663" /><D3/><U4/><E4/><V93/><F93/><W79/><G23/><T68/><D68/><U31/><E31/><V18/><F7/><W114/><G114/><T120/><D2/><U30/><E30/><V73/><F73/><W107/><G107/><N who="2" m="40969" /><F42/><W69/><G69/><T78/><D38/><U90/><E113/><V129/><AGARI ba="0,0" hai="8,12,18,36,37,52,57,60,128,129,130" m="40969" machi="129" ten="40,7800,0" yaku="19,1,52,1,54,1" doraHai="14" who="2" fromWho="2" sc="487,-26,296,-26,114,78,103,-26" /><INIT seed="6,1,0,4,2,108" ten="461,270,192,77" oya="2" hai0="88,89,54,12,106,13,34,128,28,18,2,49,51" hai1="107,39,122,19,115,64,131,61,74,124,126,119,23" hai2="21,70,95,132,76,40,9,20,71,15,94,99,4" hai3="118,53,79,78,60,29,91,104,1,111,102,109,81"/><V90/><F132/><W112/><G1/><T72/><D72/><U0/><RYUUKYOKU type="yao9" ba="1,0" sc="461,0,270,0,192,0,77,0" hai1="0,19,23,39,61,64,74,107,115,119,122,124,126,131" /><INIT seed="6,2,0,3,1,123" ten="461,270,192,77" oya="2" hai0="98,63,119,16,7,64,87,94,40,127,77,22,93" hai1="12,109,89,125,135,81,13,50,61,108,99,18,102" hai2="51,65,59,131,83,55,117,32,90,24,58,96,1" hai3="42,28,35,44,78,132,62,121,103,26,17,19,3"/><V107/><F117/><W111/><G121/><T56/><D127/><U129/><E61/><V41/><F1/><W113/><G3/><T101/><D119/><U36/><E36/><V124/><F41/><W30/><G132/><T66/><D40/><U126/><E135/><V2/><F2/><W68/><G30/><T20/><D7/><U6/><E129/><V114/><F131/><W112/><G78/><T54/><D22/><U75/><E75/><V25/><F124/><N who="1" m="47721" /><E6/><V0/><F0/><W106/><G19/><T37/><D37/><U29/><E29/><V38/><F38/><N who="3" m="21591" /><G17/><T45/><D45/><U72/><E50/><V4/><F4/><W97/><G62/><T105/><D105/><N who="1" m="63711" /><E72/><V73/><F32/><W110/><G68/><T70/><D70/><U39/><E39/><V57/><F73/><W11/><G11/><T133/><D133/><U33/><E33/><V43/><F107/><W74/><G74/><T120/><D120/><U122/><E122/><V67/><F83/><W9/><G9/><T92/><D92/><U134/><E134/><V84/><F25/><W86/><G86/><T79/><D94/><U130/><E130/><V52/><F24/><W10/><G10/><T49/><D87/><N who="1" m="50415" /><E18/><V100/><F84/><W60/><G60/><T46/><D64/><U76/><E76/><V88/><F67/><W91/><G91/><T34/><D34/><U14/><AGARI ba="2,0" hai="12,13,14,108,109" m="50415,63711,47721" machi="14" ten="30,4000,0" yaku="18,1,52,2" doraHai="123" who="1" fromWho="1" sc="461,-12,270,46,192,-22,77,-12" /><INIT seed="7,0,0,4,4,67" ten="449,316,170,65" oya="3" hai0="12,55,135,82,10,24,93,48,81,75,51,112,120" hai1="114,54,107,9,102,130,128,57,64,99,126,86,26" hai2="110,123,56,33,35,92,17,25,118,3,36,127,72" hai3="13,8,134,122,104,70,47,96,109,38,66,119,59"/><W63/><G119/><T28/><D120/><U69/><E9/><V124/><F118/><W105/><G122/><T111/><D111/><U84/><E114/><V125/><F110/><W14/><G134/><T46/><D135/><U108/><E108/><V50/><F36/><W80/><G109/><T65/><D112/><U43/><E43/><V60/><F72/><W68/><G14/><T49/><D65/><U42/><E42/><V103/><F3/><W91/><G38/><T71/><D71/><U62/><E126/><V21/><F50/><N who="0" m="19562" /><D75/><U1/><E1/><V77/><F123/><W45/><G45/><T73/><D73/><U7/><E7/><V79/><F33/><W16/><G47/><T11/><D93/><U97/><E97/><N who="2" m="59815" /><F35/><W95/><REACH who="3" step="1"/><G80/><REACH who="3" step="2"/><T87/><D12/><U116/><E116/><V106/><F106/><AGARI ba="0,1" hai="8,13,16,59,63,66,68,70,91,95,96,104,105,106" machi="106" ten="40,18000,2" yaku="1,1,2,1,52,2,54,1,53,1" doraHai="67" doraHaiUra="90" who="3" fromWho="2" sc="449,0,316,0,170,-180,55,190" owari="449,54,316,12,-10,-51,245,-15" /></mjloggm>