<mjloggm ver="2.3"><GO type="169"/><UN n0="%E3%83%9E%E3%83%84%E3%82%B6%E3%82%AD" n1="%E5%A5%88%E8%90%BD%E3%81%AE%E7%8E%8B" n2="%E3%83%81%E3%83%AD%E3%83%AD%E8%BB%8D%E6%9B%B9" n3="%6D%6D%6A%61%6E%67%6B%69" dan="16,16,16,16" rate="2058,2039,2056,2103" sx="M,M,M,M"/><TAIKYOKU oya="0"/><INIT seed="0,0,0,2,4,120" ten="250,250,250,250" oya="0" hai0="16,51,81,78,65,8,97,101,43,50,71,57,48" hai1="27,41,12,29,80,112,117,68,131,15,133,86,31" hai2="95,91,116,72,9,60,99,110,127,13,47,44,26" hai3="88,0,74,93,2,106,132,5,119,100,114,77,63"/><T49/><D71/><U129/><E68/><V21/><F72/><W4/><G119/><T39/><D39/><U35/><E117/><V6/><F116/><W89/><G114/><T126/><D126/><U111/><E112/><V23/><F127/><W10/><G132/><T134/><D134/><U125/><E125/><V121/><F121/><W54/><G106/><T82/><D43/><U19/><E133/><V37/><F110/><W56/><G77/><T14/><D78/><U24/><E41/><V128/><F128/><N who="1" m="49225" /><E19/><V11/><F60/><W118/><G74/><T34/><D34/><N who="1" m="20775" /><E111/><V40/><F47/><W66/><G118/><T17/><D17/><U32/><E32/><V25/><F23/><W102/><G89/><AGARI ba="0,0" hai="12,15,27,31,35,80,86,89" m="20775,49225" machi="89" ten="30,1000,0" yaku="19,1" doraHai="120" who="1" fromWho="3" sc="250,0,250,10,250,0,250,-10" /><INIT seed="1,0,0,0,3,57" ten="250,260,250,240" oya="1" hai0="87,94,7,65,42,92,131,71,83,35,10,95,18" hai1="31,30,122,29,77,84,125,126,111,1,107,51,63" hai2="32,133,28,78,47,93,96,110,41,80,66,82,55" hai3="67,0,76,106,128,33,62,100,89,123,60,64,13"/><U58/><E122/><V2/><F2/><W45/><G0/><T113/><D113/><U17/><E1/><V118/><F118/><W61/><G33/><T74/><D35/><U108/><E107/><V105/><F105/><W27/><G123/><T48/><D74/><U86/><E51/><V75/><F110/><N who="1" m="42025" /><E17/><V56/><F133/><W114/><G114/><T34/><D34/><U91/><E77/><V103/><F66/><W116/><G76/><T124/><D124/><N who="1" m="47723" /><E91/><V79/><F28/><W72/><G72/><T20/><D131/><U85/><E86/><V99/><F99/><W98/><G128/><T102/><D48/><U15/><E15/><V112/><F112/><W43/><G116/><T53/><D42/><U121/><E121/><V26/><F79/><W16/><G27/><T36/><D36/><U37/><E37/><V9/><F26/><W4/><G89/><T132/><D132/><U130/><E130/><V11/><F78/><W14/><G4/><T8/><D7/><U54/><AGARI ba="0,0" hai="29,30,31,54,58,63,84,85" m="47723,42025" machi="54" ten="40,12000,1" yaku="14,1,10,1,18,1,52,1" doraHai="57" who="1" fromWho="1" sc="250,-40,260,120,250,-40,240,-40" /><INIT seed="1,1,0,0,3,83" ten="210,380,210,200" oya="1" hai0="37,51,58,126,106,43,53,20,61,119,103,33,110" hai1="34,44,108,118,73,74,17,128,109,120,63,5,88" hai2="131,84,19,45,107,135,6,11,102,56,25,55,14" hai3="125,92,77,91,86,100,4,35,2,114,27,113,47"/><U71/><E118/><V39/><F135/><W116/><G125/><T15/><D33/><U101/><E120/><V98/><F131/><W130/><G130/><T3/><D119/><U52/><E128/><V7/><F25/><W129/><G129/><T57/><D3/><U21/><E34/><V95/><F39/><W80/><G116/><T29/><D110/><N who="1" m="42603" /><E5/><V30/><F30/><W127/><G127/><T105/><D126/><U9/><E9/><V0/><F45/><W31/><G47/><T132/><D103/><U65/><E101/><V38/><F38/><W76/><G76/><T68/><D132/><U70/><E70/><V41/><F41/><W22/><G100/><T67/><D57/><U123/><E123/><V42/><F42/><W79/><G79/><T81/><D81/><U18/><E88/><V36/><F36/><W112/><G4/><T87/><D105/><U13/><E18/><V46/><F46/><W24/><G2/><T96/><D106/><U32/><E32/><V111/><F111/><W1/><G1/><T12/><D20/><U66/><E65/><V62/><F0/><W90/><REACH who="3" step="1"/><G92/><REACH who="3" step="2"/><T59/><D12/><U115/><E115/><V40/><F40/><W28/><AGARI ba="1,1" hai="22,24,27,28,31,35,77,80,86,90,91,112,113,114" machi="28" ten="40,8000,1" yaku="1,1,2,1,0,1,52,1,53,0" doraHai="83" doraHaiUra="49" who="3" fromWho="3" sc="210,-21,380,-41,210,-21,190,93" /><INIT seed="2,0,0,5,1,115" ten="189,339,189,283" oya="2" hai0="95,71,66,102,43,2,73,114,103,9,88,30,107" hai1="79,8,27,126,61,123,32,63,89,33,19,91,34" hai2="67,40,12,133,58,118,17,78,53,39,15,131,18" hai3="3,112,41,70,113,99,92,20,72,69,104,65,11"/><V109/><F133/><W128/><G104/><T52/><D114/><N who="3" m="44137" /><G72/><T59/><D73/><U13/><E126/><V16/><F131/><W81/><G81/><T100/><D43/><U106/><E106/><V129/><F129/><W51/><G65/><T97/><D30/><U105/><E105/><V49/><F109/><W84/><G84/><T54/><D71/><U5/><E79/><V82/><F118/><W1/><G20/><T127/><D127/><U134/><E134/><V135/><F135/><W68/><G11/><T25/><D25/><U7/><E123/><V23/><F67/><W87/><G87/><T22/><D22/><U74/><E74/><V116/><F116/><W64/><G64/><T60/><REACH who="0" step="1"/><D107/><REACH who="0" step="2"/><U38/><E27/><V121/><F121/><W10/><G128/><T85/><D85/><U29/><E29/><V24/><F24/><W31/><G31/><T90/><D90/><U75/><E75/><V36/><F40/><W35/><G35/><T110/><D110/><U37/><E33/><V21/><F18/><W76/><G76/><T44/><D44/><U98/><E19/><V26/><F26/><W93/><G10/><T0/><D0/><N who="3" m="73" /><G99/><T50/><D50/><U6/><E8/><V77/><F77/><W42/><G41/><T47/><D47/><AGARI ba="0,1" hai="42,47,51,68,69,70,92,93" m="73,44137" machi="47" ten="40,1300,0" yaku="11,1" doraHai="115" who="3" fromWho="0" sc="179,-13,339,0,189,0,283,23" /><INIT seed="3,0,0,0,5,33" ten="166,339,189,306" oya="3" hai0="123,20,1,118,6,122,53,103,96,70,116,71,115" hai1="102,93,133,76,83,43,98,62,10,111,64,78,91" hai2="2,14,107,82,40,4,112,72,45,3,16,34,25" hai3="50,29,80,22,67,27,61,68,30,65,31,101,128"/><W66/><G128/><T105/><D115/><U95/><E111/><V75/><F112/><W120/><G120/><N who="0" m="46123" /><D53/><U88/><E133/><V52/><F107/><W60/><G101/><T135/><D20/><U100/><E43/><V74/><F82/><W134/><G134/><T57/><D57/><U127/><E127/><V117/><F117/><N who="0" m="45162" /><D135/><U86/><E10/><AGARI ba="0,0" hai="1,6,10,70,71,96,103,105" m="45162,46123" machi="10" ten="30,2000,0" yaku="23,1,52,1" doraHai="33" who="0" fromWho="1" sc="166,20,339,-20,189,0,306,0" /><INIT seed="4,0,0,0,2,36" ten="186,319,189,306" oya="0" hai0="10,73,11,76,8,27,101,6,63,110,21,97,70" hai1="95,105,15,119,121,120,115,91,66,69,104,65,85" hai2="112,28,22,83,61,62,130,116,122,54,60,90,79" hai3="89,2,135,106,1,81,82,96,107,4,133,53,56"/><T32/><D32/><U31/><E119/><V52/><F122/><W0/><G4/><T94/><D110/><U16/><E31/><V72/><F116/><W68/><G68/><T19/><D76/><U102/><E115/><V12/><F112/><W48/><G81/><T57/><D70/><U55/><E55/><V39/><F39/><W35/><G35/><T87/><D87/><U126/><E126/><V127/><F127/><W33/><G33/><T114/><D73/><U46/><E46/><V20/><F130/><W113/><G113/><T43/><D114/><U47/><E47/><V80/><F80/><W118/><G118/><T93/><D93/><U14/><E14/><V103/><F103/><W38/><G38/><T88/><D101/><U42/><E102/><V98/><F98/><W9/><G9/><T125/><D43/><U75/><E42/><V109/><F90/><W29/><G29/><T51/><D51/><U131/><E75/><V25/><REACH who="2" step="1"/><F109/><REACH who="2" step="2"/><W128/><G128/><T5/><REACH who="0" step="1"/><D125/><REACH who="0" step="2"/><U34/><E131/><V24/><F24/><W17/><G82/><T13/><D13/><U18/><E15/><V37/><F37/><W124/><G124/><T50/><D50/><U41/><E121/><V123/><F123/><W86/><G0/><T132/><D132/><U71/><E120/><V7/><F7/><W26/><G1/><T3/><D3/><U78/><E78/><V99/><F99/><W59/><G2/><T77/><D77/><U44/><E91/><V64/><F64/><AGARI ba="0,2" hai="5,6,8,10,11,19,21,27,57,63,64,88,94,97" machi="64" ten="40,7700,0" yaku="1,1,8,1,54,1,53,0" doraHai="36" doraHaiUra="74" who="0" fromWho="2" sc="176,97,319,0,179,-77,306,0" /><INIT seed="4,1,0,0,5,127" ten="273,319,102,306" oya="0" hai0="2,121,115,109,39,70,59,69,113,8,1,34,68" hai1="82,0,62,50,48,135,25,41,24,60,36,86,12" hai2="119,105,31,88,92,38,77,128,15,112,118,71,81" hai3="49,134,52,14,63,114,27,5,73,19,90,56,22"/><T51/><D121/><U100/><E0/><N who="0" m="105" /><D8/><U43/><E135/><V91/><F105/><W84/><G73/><T17/><D34/><U74/><E74/><V45/><F71/><W76/><G134/><T26/><D39/><U79/><E100/><V11/><F31/><N who="3" m="17911" /><G76/><T3/><D109/><U103/><E103/><V80/><F45/><W117/><G5/><T97/><D97/><U16/><E36/><V131/><F38/><W47/><G117/><N who="2" m="44553" /><F112/><N who="0" m="43082" /><D59/><U116/><E116/><V110/><F110/><W126/><G126/><T123/><D51/><N who="1" m="19499" /><E43/><V66/><F66/><W78/><G78/><T122/><N who="0" m="113" /><T42/><DORA hai="29" /><D42/><U13/><E41/><V65/><F65/><W85/><G90/><N who="2" m="34345" /><F92/><W44/><G47/><T108/><D108/><U33/><E33/><V55/><F55/><N who="3" m="34207" /><G114/><T129/><D17/><U20/><E13/><V67/><F67/><W120/><G120/><N who="0" m="46123" /><D26/><AGARI ba="1,0" hai="12,16,20,24,25,26,60,62,79,82,86" m="19499" machi="26" ten="30,2000,0" yaku="8,1,54,1" doraHai="127,29" who="1" fromWho="0" sc="273,-23,319,23,102,0,306,0" /><INIT seed="5,0,0,2,0,116" ten="250,342,102,306" oya="1" hai0="90,109,118,4,134,121,104,6,110,36,45,50,26" hai1="67,75,85,72,61,37,2,22,9,122,23,25,123" hai2="135,88,1,73,42,52,126,62,29,111,117,24,63" hai3="39,5,95,60,53,16,66,43,70,92,47,11,56"/><U21/><E37/><V100/><F117/><W48/><REACH who="3" step="1"/><G16/><REACH who="3" step="2"/><T78/><D118/><U96/><E25/><V102/><F111/><W17/><G17/><T69/><D110/><U101/><E85/><V15/><F1/><AGARI ba="0,1" hai="1,5,11,39,43,47,48,53,56,60,66,70,92,95" machi="1" ten="30,8000,1" yaku="21,2,7,1,24,2,53,0" doraHai="116" doraHaiUra="105" who="3" fromWho="2" sc="250,0,342,0,102,-80,296,90" /><INIT seed="6,0,0,4,5,23" ten="250,342,22,386" oya="2" hai0="19,130,100,1,126,28,128,81,108,33,59,22,42" hai1="21,89,43,77,64,97,102,50,91,104,103,53,65" hai2="95,83,72,27,74,35,132,13,7,106,78,70,47" hai3="109,39,93,8,32,38,76,92,88,24,2,20,80"/><V63/><F106/><W57/><G32/><T52/><D1/><U129/><E77/><V56/><F70/><W90/><G109/><T16/><D108/><U30/><E43/><V12/><F132/><W34/><G34/><T5/><D126/><U3/><E3/><V4/><F74/><W17/><G57/><T69/><D69/><U67/><E103/><V112/><F112/><W84/><G2/><T124/><D124/><U55/><E129/><N who="0" m="49769" /><D5/><U68/><E68/><V117/><F117/><W114/><G8/><T120/><D120/><U10/><E10/><V14/><F95/><W75/><REACH who="3" step="1"/><G114/><REACH who="3" step="2"/><T118/><D118/><U18/><E30/><V31/><REACH who="2" step="1"/><F47/><REACH who="2" step="2"/><W135/><G135/><T71/><D71/><U37/><E104/><V25/><F25/><W110/><G110/><T82/><D33/><U98/><E102/><V51/><F51/><W111/><G111/><T94/><D100/><U96/><E50/><V9/><F9/><W44/><G44/><T121/><D121/><U125/><E125/><V115/><F115/><W6/><G6/><T60/><D59/><U62/><E37/><V11/><F11/><W133/><G133/><T123/><D123/><U122/><E122/><V48/><F48/><W79/><G79/><T15/><D60/><U0/><E0/><V36/><F36/><W87/><AGARI ba="0,2" hai="17,20,24,38,39,75,76,80,84,87,88,90,92,93" machi="87" ten="20,12000,2" yaku="1,1,0,1,7,1,9,1,52,1,54,1,53,0" doraHai="23" doraHaiUra="45" who="3" fromWho="3" sc="250,-30,342,-30,12,-60,376,140" owari="220,-18,312,11,-48,-55,516,62" /></mjloggm>