<mjloggm ver="2.3"><GO type="169"/><UN n0="%E9%85%8D%E5%9B%9E%E9%99%8D%E6%B5%81" n1="%45%56%41%4E%53%49%55" n2="%E3%81%A0%E3%81%84%E3%81%95%E3%82%93%E3%81%92%E3%83%BC%E3%82%93" n3="%75%73%6B%31%31%31%35" dan="16,17,17,17" rate="2103,2140,2120,2184" sx="M,F,M,M"/><TAIKYOKU oya="0"/><INIT seed="0,0,0,2,4,112" ten="250,250,250,250" oya="0" hai0="8,16,100,89,102,82,4,87,68,108,1,113,79" hai1="99,24,51,98,41,64,19,54,40,9,95,44,37" hai2="115,14,65,93,13,119,55,45,92,76,23,127,109" hai3="85,74,84,61,57,105,43,90,70,103,56,75,124"/><T80/><D113/><U0/><E64/><V107/><F115/><W101/><G43/><T27/><D68/><U48/><E37/><V130/><F107/><W106/><G70/><T135/><D135/><U120/><E120/><V38/><F38/><W114/><G114/><T29/><D108/><U129/><E129/><V94/><F65/><W53/><G124/><T6/><D6/><U116/><E116/><V132/><F132/><W117/><G61/><T3/><D3/><U30/><E98/><V110/><F130/><W52/><REACH who="3" step="1"/><G90/><REACH who="3" step="2"/><T126/><D126/><U18/><E41/><V42/><F42/><W5/><G5/><T12/><D4/><U22/><E0/><V123/><F127/><W47/><G47/><T128/><D128/><U35/><E35/><V33/><F33/><W28/><G28/><T50/><D1/><U46/><REACH who="1" step="1"/><E9/><REACH who="1" step="2"/><V26/><F109/><W122/><G122/><T83/><D79/><U86/><E86/><V81/><F76/><W20/><G20/><N who="0" m="15591" /><D50/><U17/><E17/><V59/><F123/><W104/><G104/><T96/><D96/><U71/><E71/><V34/><F110/><W31/><G31/><T97/><D97/><U58/><E58/><V91/><F59/><W15/><G15/><T25/><D25/><U32/><E32/><V111/><F34/><W72/><G72/><T67/><D87/><U36/><E36/><V49/><F111/><W125/><G125/><T69/><D69/><U131/><E131/><V134/><F134/><W73/><G73/><T88/><D67/><U133/><E133/><V7/><F13/><RYUUKYOKU ba="0,2" sc="250,10,240,10,250,-30,240,10" hai0="8,12,16,80,82,83,88,89,100,102" hai1="18,19,22,24,30,40,44,46,48,51,54,95,99" hai3="52,53,56,57,74,75,84,85,101,103,105,106,117" /><INIT seed="0,1,2,1,1,43" ten="260,250,220,250" oya="0" hai0="32,67,134,112,62,130,8,41,39,40,88,116,20" hai1="118,70,111,128,64,28,10,74,38,96,97,51,27" hai2="35,12,123,100,85,92,65,5,18,125,6,71,99" hai3="90,63,75,83,14,107,126,30,49,109,7,24,3"/><T80/><D32/><U87/><E118/><V117/><F117/><W55/><G107/><T68/><D116/><U127/><E38/><V48/><F35/><W21/><G3/><T15/><D112/><U29/><E74/><V50/><F123/><W9/><G109/><T47/><D41/><U110/><E127/><V16/><F71/><W46/><G126/><T132/><D130/><U42/><E128/><V78/><F65/><W2/><G2/><T93/><D80/><U73/><E73/><V44/><F50/><W91/><REACH who="3" step="1"/><G63/><REACH who="3" step="2"/><T56/><D68/><U11/><E70/><V115/><F125/><W13/><G13/><T45/><D134/><U19/><E111/><V103/><F12/><W31/><G31/><T53/><D132/><U77/><E29/><V129/><F129/><W124/><G124/><T17/><D8/><U33/><E11/><V25/><F115/><W102/><G102/><T26/><D15/><U133/><E10/><V0/><F103/><W98/><G98/><N who="0" m="57639" /><D39/><U106/><E110/><V101/><F100/><W1/><G1/><T22/><D40/><U131/><E42/><N who="2" m="24599" /><F0/><W52/><G52/><T59/><D20/><U82/><E133/><V122/><F122/><W54/><G54/><T120/><D120/><U105/><E131/><V37/><F37/><W104/><G104/><N who="1" m="40042" /><E64/><V34/><F34/><W4/><G4/><N who="2" m="1641" /><F25/><W60/><G60/><AGARI ba="1,3" hai="17,22,26,45,47,53,56,59,60,62,67" m="57639" machi="60" ten="30,12000,1" yaku="25,1,8,1,52,2,54,1" doraHai="43" who="0" fromWho="3" sc="260,153,250,0,220,0,240,-123" /><INIT seed="0,2,0,5,5,34" ten="413,250,220,117" oya="0" hai0="113,20,54,123,52,7,86,106,126,82,51,75,70" hai1="80,40,43,37,90,85,89,22,12,66,103,8,81" hai2="95,24,46,92,16,1,18,33,91,57,84,131,48" hai3="36,39,26,2,67,3,38,9,47,102,30,31,68"/><T124/><D106/><U115/><E115/><V6/><F131/><W109/><G109/><T128/><D75/><U35/><E35/><V132/><F132/><W65/><G102/><T121/><D70/><U21/><E103/><V69/><F69/><W127/><G9/><T96/><D113/><U74/><E66/><N who="3" m="25098" /><G68/><T73/><D73/><U83/><E37/><V29/><F57/><W87/><G87/><T93/><D128/><U42/><E74/><V101/><F1/><N who="3" m="11" /><G26/><T111/><D111/><U60/><E60/><V118/><F6/><W104/><G47/><T114/><D114/><U129/><E129/><V71/><F71/><W56/><G56/><T133/><D7/><U62/><E62/><V97/><F118/><W105/><G127/><T27/><D126/><U120/><E85/><V50/><REACH who="2" step="1"/><F48/><REACH who="2" step="2"/><W125/><G125/><T28/><D51/><U49/><E49/><V61/><F61/><W110/><G110/><T94/><D124/><U15/><E8/><V10/><F10/><W55/><G55/><AGARI ba="2,1" hai="16,18,24,29,33,46,50,55,84,91,92,95,97,101" machi="55" ten="30,3900,0" yaku="1,1,7,1,54,1,53,0" doraHai="34" doraHaiUra="59" who="2" fromWho="3" sc="413,0,250,0,210,55,117,-45" /><INIT seed="1,0,0,1,4,90" ten="413,250,265,72" oya="1" hai0="53,43,2,88,7,89,78,47,115,58,94,23,109" hai1="133,129,41,130,116,45,112,5,35,72,83,95,107" hai2="84,15,71,117,81,76,6,68,124,92,44,119,96" hai3="29,77,33,126,60,102,91,108,27,31,127,57,8"/><U62/><E112/><V51/><F124/><N who="3" m="47659" /><G108/><T4/><D115/><U106/><E116/><V48/><F48/><W1/><G77/><T20/><D109/><U3/><E133/><V75/><F75/><W50/><G102/><T22/><D78/><N who="1" m="44487" /><E62/><V65/><F65/><N who="3" m="39055" /><G50/><N who="0" m="27007" /><D2/><U93/><E35/><V70/><F6/><N who="0" m="2090" /><D94/><N who="1" m="35851" /><E106/><V120/><F71/><W73/><G73/><T56/><D56/><U132/><E107/><V26/><F70/><W36/><G91/><T19/><D19/><U54/><E54/><V61/><F68/><W11/><G1/><T121/><D121/><U49/><E132/><V42/><F61/><AGARI ba="0,0" hai="20,22,23,53,58,61,88,89" m="2090,27007" machi="61" ten="30,2000,0" yaku="8,1,54,1" doraHai="90" who="0" fromWho="2" sc="413,20,250,0,265,-20,72,0" /><INIT seed="2,0,0,4,1,102" ten="433,250,245,72" oya="2" hai0="88,110,94,114,8,106,99,55,77,12,58,128,36" hai1="68,38,81,6,41,105,26,1,92,5,85,113,54" hai2="100,2,16,98,53,35,87,76,29,30,111,13,64" hai3="4,34,71,125,24,33,70,116,66,90,124,96,89"/><V127/><F2/><W115/><G116/><T59/><D114/><U25/><E113/><V101/><F127/><N who="3" m="48715" /><G115/><T0/><D36/><U109/><E68/><N who="3" m="26154" /><G66/><T133/><D0/><U50/><E109/><V17/><F111/><W93/><G4/><T49/><D110/><U119/><E119/><V82/><F64/><W78/><G78/><T130/><D106/><U9/><E105/><V40/><F40/><W75/><G75/><T86/><D133/><U27/><E92/><N who="2" m="58439" /><F101/><N who="3" m="60559" /><G24/><T20/><D20/><U21/><E41/><V134/><F134/><W3/><G3/><T43/><D43/><U48/><E38/><V129/><F129/><N who="0" m="49770" /><D77/><U112/><E112/><V22/><F35/><AGARI ba="0,0" hai="33,34,35,89,90" m="60559,26154,48715" machi="35" ten="40,1300,0" yaku="18,1" doraHai="102" who="3" fromWho="2" sc="433,0,250,0,245,-13,72,13" /><INIT seed="3,0,0,3,0,44" ten="433,250,232,85" oya="3" hai0="28,118,30,68,34,22,1,13,76,42,59,69,128" hai1="112,46,27,36,50,23,106,73,130,116,80,47,5" hai2="74,92,8,79,48,54,135,78,95,111,14,87,15" hai3="101,120,56,104,110,77,4,84,9,133,131,0,10"/><W37/><G120/><T61/><D1/><U91/><E112/><V113/><F113/><W55/><G37/><T115/><D42/><U38/><E130/><V107/><F107/><W82/><G131/><T70/><D76/><N who="2" m="29226" /><F74/><W96/><G133/><T3/><D118/><U132/><E106/><V134/><F111/><W124/><G124/><T6/><D30/><U109/><E73/><V88/><F95/><W123/><G123/><T66/><D128/><U35/><E35/><V29/><F29/><W114/><G110/><T100/><D100/><U85/><E109/><V121/><F121/><W105/><G114/><T52/><D3/><U89/><E116/><V64/><F64/><W86/><G10/><T45/><D34/><U7/><E132/><N who="2" m="50731" /><F8/><W20/><G20/><T67/><D45/><AGARI ba="0,0" hai="14,15,45,48,54,87,88,92" m="50731,29226" machi="45" ten="30,3900,0" yaku="20,1,52,1,54,1" doraHai="44" who="2" fromWho="0" sc="433,-39,250,0,232,39,85,0" /><INIT seed="4,0,0,2,3,68" ten="394,250,271,85" oya="0" hai0="131,31,81,21,67,130,72,2,40,41,22,30,42" hai1="38,74,0,116,49,4,114,94,108,115,39,97,70" hai2="133,96,129,122,126,66,29,46,47,80,105,92,75" hai3="73,82,56,52,77,101,119,20,83,120,9,26,123"/><T48/><D2/><U104/><E116/><V118/><F122/><N who="3" m="46635" /><G119/><T27/><D67/><U23/><E108/><V107/><F66/><W99/><G9/><T15/><D48/><U17/><E74/><V33/><F33/><W117/><G117/><T86/><D72/><U51/><E104/><V85/><F29/><N who="3" m="17607" /><G77/><T59/><D59/><U50/><E70/><V6/><F6/><W71/><G71/><T135/><D135/><U60/><E60/><V98/><F47/><W111/><G73/><T32/><D15/><N who="1" m="9663" /><E4/><V13/><F46/><W93/><G111/><T19/><D31/><U45/><E45/><V57/><F13/><W134/><G134/><T91/><REACH who="0" step="1"/><D19/><REACH who="0" step="2"/><U102/><E0/><V12/><F118/><W25/><G25/><T1/><D1/><U16/><E16/><V43/><F133/><W110/><G110/><T3/><D3/><U128/><E128/><AGARI ba="0,1" hai="21,22,27,30,32,40,41,42,81,86,91,128,130,131" machi="128" ten="40,7700,0" yaku="1,1,19,1,53,1" doraHai="68" doraHaiUra="28" who="0" fromWho="1" sc="384,87,250,-77,271,0,85,0" /><INIT seed="4,1,0,0,3,103" ten="471,173,271,85" oya="0" hai0="72,41,106,2,4,60,88,104,107,128,21,53,73" hai1="125,49,61,113,52,127,46,126,9,37,129,0,101" hai2="131,23,13,117,63,124,114,80,91,43,17,38,18" hai3="25,83,79,51,105,12,67,19,7,55,71,39,29"/><T112/><D41/><U94/><E129/><V40/><F131/><W84/><G39/><T57/><D128/><U100/><E113/><V34/><F34/><W27/><G7/><T48/><D112/><U70/><E37/><V24/><F38/><W42/><G42/><T66/><D21/><U87/><E0/><V65/><F124/><W116/><G116/><T47/><REACH who="0" step="1"/><D88/><REACH who="0" step="2"/><N who="1" m="53535" /><E9/><AGARI ba="1,1" hai="2,4,9,47,48,53,57,60,66,72,73,104,106,107" machi="9" ten="40,12000,1" yaku="1,1,52,3,53,0" doraHai="103" doraHaiUra="99" who="0" fromWho="1" sc="461,133,173,-123,271,0,85,0" /><INIT seed="4,2,0,1,2,33" ten="594,50,271,85" oya="0" hai0="131,61,106,103,12,85,30,42,41,70,121,27,134" hai1="25,9,105,86,46,51,66,110,75,82,74,118,135" hai2="83,88,31,40,67,84,92,108,19,127,117,89,79" hai3="112,43,29,21,5,111,71,35,36,49,107,28,113"/><T95/><D121/><U109/><E118/><V1/><F1/><W101/><G71/><T120/><D12/><U48/><E105/><V104/><F104/><W122/><G36/><T69/><D120/><U3/><E66/><V115/><F115/><W62/><G62/><T7/><D7/><U34/><E135/><V100/><F108/><W123/><G111/><T64/><D69/><U130/><E130/><V11/><F127/><W132/><G35/><T76/><D131/><U16/><E51/><V60/><F40/><W57/><G5/><T56/><D134/><U55/><E3/><V26/><F100/><W125/><G132/><T128/><D128/><U39/><E39/><V102/><F102/><W4/><G4/><T44/><D44/><U91/><E109/><V2/><F92/><W45/><G125/><T65/><D65/><U77/><E77/><V97/><F2/><W58/><G123/><T54/><D76/><U81/><E82/><V18/><F97/><N who="3" m="61871" /><G122/><T20/><D106/><U0/><E0/><V8/><F8/><W73/><G73/><T15/><D15/><N who="1" m="7279" /><E110/><V52/><F67/><W90/><G90/><N who="2" m="34921" /><F11/><W6/><G6/><T114/><D114/><N who="3" m="44137" /><G29/><AGARI ba="2,0" hai="25,29,34,46,48,55,74,75,81,86,91" m="7279" machi="29" ten="30,2000,0" yaku="25,1,54,1" doraHai="33" who="1" fromWho="3" sc="594,0,50,26,271,0,85,-26" /><INIT seed="5,0,0,4,2,124" ten="594,76,271,59" oya="1" hai0="29,106,131,79,2,46,108,134,74,89,93,25,59" hai1="28,118,8,72,5,114,120,51,7,111,102,26,130" hai2="43,27,14,55,54,104,39,100,88,103,123,58,53" hai3="121,135,113,80,41,47,12,66,13,20,50,38,129"/><U109/><E118/><V37/><F123/><W24/><G121/><T78/><D106/><U4/><E120/><V92/><F104/><W119/><G113/><T60/><D2/><U69/><E72/><V94/><F43/><W127/><G119/><T70/><D70/><U45/><E69/><V85/><F39/><W116/><G127/><T32/><D74/><U63/><E63/><V67/><F37/><W3/><G116/><T112/><D112/><U18/><E102/><N who="2" m="38955" /><F27/><W9/><G135/><T82/><D134/><U84/><E114/><V125/><F125/><W57/><G3/><T16/><D108/><N who="1" m="41547" /><E84/><V83/><F14/><W71/><G80/><T31/><D46/><U23/><E130/><V76/><F76/><W21/><G9/><T97/><D131/><U96/><E96/><V91/><F91/><W48/><G129/><T44/><D44/><U81/><E81/><V86/><F86/><W73/><G73/><T77/><D82/><U115/><E115/><V64/><F64/><W122/><G122/><T61/><D32/><U68/><E68/><V62/><AGARI ba="0,0" hai="53,54,55,58,62,67,83,85,88,92,94" m="38955" machi="62" ten="30,2000,0" yaku="8,1,54,1" doraHai="124" who="2" fromWho="2" sc="594,-5,76,-10,271,20,59,-5" /><INIT seed="6,0,0,1,4,72" ten="589,66,291,54" oya="2" hai0="35,125,44,93,115,129,78,117,122,8,102,36,64" hai1="83,48,120,98,104,52,15,55,88,7,113,99,38" hai2="123,66,85,2,68,131,37,39,127,6,126,12,24" hai3="19,23,106,70,54,119,3,108,128,26,73,16,63"/><V49/><F49/><W121/><G119/><T10/><D122/><U103/><E38/><V43/><F12/><W105/><G121/><T133/><D115/><U29/><E113/><V30/><F123/><W28/><G108/><T45/><D35/><U96/><E120/><V59/><F59/><W94/><G3/><T69/><D36/><U71/><E29/><V75/><F85/><W79/><G128/><T17/><D69/><U130/><E71/><V118/><F118/><W101/><G19/><T58/><D117/><U50/><E130/><V25/><F25/><W56/><G70/><T87/><D129/><U135/><E135/><V32/><F131/><W40/><G40/><T84/><D133/><U81/><E104/><V112/><F112/><W91/><G101/><T21/><D125/><N who="2" m="47626" /><F43/><W46/><G46/><N who="0" m="18027" /><D87/><N who="1" m="50287" /><E83/><V53/><F53/><N who="1" m="20553" /><E103/><V9/><F75/><W34/><G34/><T65/><D58/><U89/><E89/><V109/><F109/><W1/><G28/><T67/><D102/><U11/><AGARI ba="0,0" hai="7,11,15,48,50,96,98,99" m="20553,50287" machi="11" ten="30,4000,0" yaku="8,1,54,2" doraHai="72" who="1" fromWho="1" sc="589,-10,66,40,291,-20,54,-10" /><INIT seed="7,0,0,2,0,119" ten="579,106,271,44" oya="3" hai0="37,83,33,132,114,71,17,89,106,127,11,54,25" hai1="59,32,48,73,107,133,111,53,87,101,22,117,88" hai2="77,28,70,1,46,61,5,45,40,42,57,115,80" hai3="121,108,78,129,75,84,63,51,14,12,92,67,79"/><W35/><G35/><T128/><D37/><U126/><E111/><V85/><F70/><W66/><G108/><T13/><D71/><U64/><E126/><V26/><F115/><W131/><G75/><T0/><D106/><U116/><E133/><V135/><F135/><W112/><G112/><T47/><D132/><U23/><E32/><V69/><F69/><W99/><G51/><N who="0" m="29055" /><D0/><U20/><E64/><N who="3" m="24618" /><G63/><T109/><D109/><U76/><E76/><N who="3" m="29226" /><G84/><N who="0" m="50335" /><D114/><U34/><E34/><V49/><F1/><W90/><G121/><T29/><D127/><U124/><E73/><V39/><F5/><W60/><G60/><T6/><D6/><U104/><E101/><V102/><F102/><W72/><G72/><T27/><D27/><U91/><E91/><V134/><F134/><W10/><G10/><T98/><D98/><U103/><E103/><V31/><F26/><W21/><G21/><T65/><D65/><AGARI ba="0,0" hai="28,31,39,40,42,45,46,49,57,61,65,77,80,85" machi="65" ten="30,1000,0" yaku="7,1" doraHai="119" who="2" fromWho="0" sc="579,-10,106,0,271,10,44,0" owari="569,67,106,-29,281,8,44,-46" /></mjloggm>