<mjloggm ver="2.3"><GO type="225"/><UN n0="%E4%B8%AD%E7%94%BA%E3%81%8B%E3%81%AA" n1="%E2%98%86%E4%BA%8C%E9%9A%8E%E5%A0%82%E2%98%86%E5%AB%81%E2%98%86" n2="%E9%9D%92%E5%B1%B1%E5%AD%A6%E9%99%A2%EF%BC%94%E5%B9%B4" n3="%E6%A1%9C%E7%8E%8B%E5%A5%B3" dan="16,16,17,17" rate="2043,2037,2065,2196" sx="F,F,F,F"/><TAIKYOKU oya="0"/><INIT seed="0,0,0,0,3,121" ten="250,250,250,250" oya="0" hai0="132,76,38,73,8,77,98,50,67,31,85,32,91" hai1="39,54,18,123,114,110,130,69,111,4,9,23,62" hai2="52,74,79,70,14,44,87,105,133,129,128,59,10" hai3="2,65,37,95,40,11,60,33,35,78,46,116,96"/><T48/><D38/><U118/><E123/><V43/><F70/><W21/><G116/><T75/><D132/><U82/><E118/><V107/><F74/><W106/><G21/><T66/><D98/><U115/><E39/><N who="2" m="21631" /><F87/><W41/><G41/><T15/><D31/><U68/><E130/><N who="2" m="50283" /><F79/><N who="0" m="30282" /><D32/><U36/><E36/><V88/><F133/><W29/><G29/><T83/><D73/><U55/><E82/><V102/><F102/><N who="3" m="62791" /><G95/><T127/><D127/><U108/><E69/><V12/><F88/><W58/><G58/><T93/><D93/><U113/><E68/><V135/><F135/><W42/><G42/><T80/><D83/><U72/><E62/><N who="2" m="36199" /><F12/><W63/><G63/><T47/><D75/><U19/><E72/><V51/><F51/><N who="0" m="19498" /><D47/><U86/><E86/><V6/><AGARI ba="0,0" hai="6,10,14,105,107" m="36199,50283,21631" machi="6" ten="30,2000,0" yaku="19,1,54,1" doraHai="121" who="2" fromWho="2" sc="250,-10,250,-5,250,20,250,-5" /><INIT seed="1,0,0,3,5,26" ten="240,245,270,245" oya="1" hai0="91,55,20,18,56,5,134,101,28,126,14,108,102" hai1="1,23,47,128,50,104,32,103,95,85,48,89,120" hai2="58,124,57,79,72,77,62,12,40,115,78,65,38" hai3="84,132,17,129,2,29,24,39,10,42,98,11,27"/><U111/><E32/><V30/><F115/><W90/><G129/><T121/><D108/><U94/><E120/><V130/><F124/><W59/><G132/><T51/><D126/><U21/><E128/><V33/><F130/><W114/><G114/><T73/><D73/><U105/><E1/><V83/><F12/><W4/><G98/><T69/><D69/><U36/><E111/><V106/><F106/><W6/><G59/><T122/><D134/><U118/><E36/><V68/><F68/><W16/><G42/><T52/><D55/><U123/><E118/><V0/><F0/><N who="3" m="263" /><G84/><T127/><D127/><U117/><E117/><V119/><F119/><W125/><G90/><T45/><D5/><U96/><E123/><N who="0" m="47113" /><D91/><U25/><E21/><V92/><F57/><W19/><G39/><T22/><D45/><U113/><E113/><V82/><F72/><W34/><G125/><T61/><D61/><U76/><E76/><V66/><F38/><W88/><G88/><T70/><D70/><U7/><E7/><V131/><F131/><W15/><G24/><AGARI ba="0,0" hai="14,18,20,22,24,28,51,52,56,101,102" m="47113" machi="24" ten="30,3900,0" yaku="13,1,52,1,54,1" doraHai="26" who="0" fromWho="3" sc="240,39,245,0,270,0,245,-39" /><INIT seed="2,0,0,4,4,4" ten="279,245,270,206" oya="2" hai0="60,77,67,58,50,5,85,20,41,103,127,15,75" hai1="40,99,101,105,74,61,3,26,81,102,134,69,108" hai2="11,12,55,83,126,111,79,47,100,38,94,29,73" hai3="91,109,43,128,107,98,121,0,10,53,7,28,13"/><V33/><F126/><W120/><G109/><T42/><D127/><U25/><E108/><V71/><F111/><W35/><G128/><T89/><D103/><U45/><E3/><V125/><F125/><W30/><G43/><T19/><D75/><U1/><E1/><V63/><F33/><W124/><G124/><T44/><D77/><U51/><E134/><V23/><F38/><W87/><G53/><N who="0" m="29895" /><D5/><U130/><E102/><V110/><F110/><W52/><G0/><T39/><D39/><U27/><E130/><V131/><F131/><W59/><G98/><T104/><D104/><U112/><E112/><V14/><F71/><W32/><G107/><T24/><D24/><U76/><REACH who="1" step="1"/><E27/><REACH who="1" step="2"/><V8/><F100/><W48/><G120/><T57/><D57/><U84/><E84/><V2/><F2/><W135/><G121/><T106/><D106/><U88/><E88/><V18/><F73/><W123/><G123/><T96/><D96/><U72/><E72/><V115/><F115/><W56/><G135/><T62/><D89/><U117/><E117/><V80/><F79/><W70/><G70/><T92/><D85/><U68/><E68/><V21/><F21/><W17/><G56/><T64/><D58/><U16/><E16/><V82/><F23/><W54/><G17/><T9/><D20/><U49/><E49/><V129/><F129/><W133/><G133/><T46/><D19/><U119/><E119/><V78/><F18/><W31/><REACH who="3" step="1"/><G54/><REACH who="3" step="2"/><T22/><D42/><U36/><E36/><V118/><F55/><W65/><G65/><AGARI ba="0,2" hai="25,26,40,45,51,61,65,69,74,76,81,99,101,105" machi="65" ten="40,1300,0" yaku="1,1,53,0" doraHai="4" doraHaiUra="116" who="1" fromWho="3" sc="279,0,235,33,270,0,196,-13" /><INIT seed="3,0,0,1,5,64" ten="279,268,270,183" oya="3" hai0="48,59,61,133,84,101,10,107,103,23,51,78,94" hai1="72,46,44,27,43,85,7,1,113,4,31,14,96" hai2="115,28,120,19,17,25,15,65,55,82,91,42,77" hai3="53,134,109,66,117,22,50,99,52,8,11,79,114"/><W128/><G117/><T118/><D107/><U18/><E72/><V40/><F115/><W88/><G114/><T69/><D118/><U70/><E113/><V62/><F120/><W35/><G35/><T9/><D133/><U0/><E0/><V76/><F55/><N who="3" m="21067" /><G134/><T122/><D122/><U111/><E111/><V108/><F91/><W60/><G109/><T24/><D69/><U45/><E43/><V26/><F108/><W21/><G128/><T97/><D103/><U37/><E37/><V30/><F15/><W57/><G79/><T131/><D131/><U39/><E39/><V71/><F82/><W130/><G50/><N who="0" m="18987" /><D84/><U129/><E70/><V127/><F71/><W5/><G130/><T34/><D78/><U93/><E85/><V81/><F81/><W36/><G36/><T6/><D34/><U106/><E106/><V102/><F77/><W124/><G124/><T80/><D80/><U86/><E86/><V104/><F76/><W32/><G32/><T2/><D6/><N who="1" m="2091" /><E1/><V38/><F38/><W74/><G74/><T92/><D92/><U123/><E129/><V63/><F104/><W132/><G132/><T73/><D73/><U125/><E125/><V98/><F127/><W105/><G105/><T100/><D100/><N who="1" m="60431" /><E123/><V87/><F87/><W67/><G67/><N who="0" m="39359" /><D2/><U89/><E89/><V90/><F90/><W116/><G116/><T41/><D41/><U54/><E54/><V3/><F3/><N who="3" m="63" /><G11/><T119/><D119/><U33/><E46/><V83/><F83/><W121/><G121/><T135/><D135/><U58/><E58/><V12/><F65/><RYUUKYOKU ba="0,0" sc="279,10,268,10,270,-30,183,10" hai0="9,10,23,24,94,97,101" hai1="14,18,27,31,33,44,45" hai3="21,22,57,60,66,88,99" /><INIT seed="3,1,0,1,1,42" ten="289,278,240,193" oya="3" hai0="120,48,2,23,31,69,79,10,5,100,116,15,54" hai1="20,133,131,71,66,109,70,61,83,117,7,65,106" hai2="88,27,29,84,44,74,12,58,52,21,82,19,30" hai3="11,18,75,85,1,46,102,125,115,128,63,127,64"/><W124/><G75/><T17/><D120/><U98/><E106/><V72/><F30/><W86/><G115/><T89/><D116/><U78/><E117/><V91/><F91/><W101/><G128/><T93/><D100/><N who="3" m="38505" /><G46/><T3/><D69/><U113/><E98/><V97/><F97/><W95/><G95/><T56/><D79/><U51/><E7/><V4/><F4/><N who="3" m="1423" /><G18/><T99/><D31/><U121/><E131/><V16/><F44/><W38/><G38/><T105/><D105/><U111/><E113/><V13/><F19/><W41/><G41/><T14/><AGARI ba="1,0" hai="2,3,5,10,14,15,17,23,48,54,56,89,93,99" machi="14" ten="20,1500,0" yaku="0,1,7,1" doraHai="42" who="0" fromWho="0" sc="289,18,278,-5,240,-5,193,-8" owari="307,40,273,7,235,-16,185,-31" /></mjloggm>